1800 3080
682 303 1007 342 CATALECTA.

821 495 875 538 V.

272 602 415 644 Iacere
439 615 524 651 me,
550 599 664 655 quod
689 599 772 640 alta
796 613 880 640 non
903 598 1081 654 possim,
1108 603 1245 654 putas,

328 670 375 706 ut
398 669 511 714 ante,
537 661 694 704 vectari
716 661 836 711 freta,

270 740 348 768 nec
372 725 480 767 ferre
505 724 656 766 durum
679 723 814 780 frigus
840 728 911 765 aut
936 728 1099 764 aestum
1123 722 1222 778 pati,

327 802 464 843 neque
489 802 605 829 arma
627 785 796 828 victoris
821 785 953 840 sequi.

274 850 429 901 valent,
454 849 597 892 valent
620 849 722 890 mihi
746 849 809 890 ira
832 854 874 890 et
897 848 1093 902 antiquus
1118 847 1245 898 furor,

329 919 371 955 et
393 912 556 969 lingua,
582 926 666 967 qua
690 911 851 954 adsiem
874 909 963 961 tibi,

272 982 314 1017 ct
336 975 584 1031 prostitutae
608 981 728 1030 turpe
753 972 1071 1015 contubernium

328 1037 494 1079 sororis.
520 1051 546 1078 o
570 1036 672 1091 quid
694 1050 762 1078 me
786 1035 961 1078 incitas?

269 1099 389 1154 quid,
414 1098 610 1154 inpudice
635 1103 677 1139 et
699 1097 958 1153 inprobando
985 1096 1184 1139 Caesari?

328 1162 404 1204 sed
426 1161 539 1203 furta
562 1160 754 1203 dicantur
777 1166 861 1211 tua,

271 1231 310 1266 ct
335 1224 504 1266 heluato
531 1238 624 1266 sera
645 1223 895 1280 patrimonio

325 1287 371 1328 in
393 1286 520 1328 fratre
543 1286 810 1342 parsimonia,

270 1349 338 1391 vel
363 1355 456 1391 acta
478 1363 609 1405 puero
633 1359 729 1390 cum
753 1348 853 1390 viris
879 1348 1083 1397 convivia,

327 1411 519 1465 udaeque
542 1425 618 1466 per
642 1425 834 1452 somnum
858 1416 991 1460 nates,

271 1480 312 1516 et
334 1473 467 1516 inscio
490 1479 661 1529 repente
685 1472 910 1514 clamatum
935 1487 1060 1528 super

328 1536 548 1586 thalassio,
574 1535 787 1577 thalassio.

271 1599 372 1654 quid
394 1598 598 1655 palluisti,
624 1597 805 1640 femina?
829 1613 883 1639 an
907 1597 987 1639 ioci
1012 1597 1178 1639 dolent?

327 1677 382 1703 an
405 1661 517 1703 facta
540 1660 760 1717 cognoscis
785 1660 883 1702 tua?

270 1739 355 1766 non
378 1738 446 1765 me
470 1723 640 1766 vocabis
664 1722 839 1779 pulchra
861 1737 937 1778 per
962 1722 1150 1778 Cotyttia

327 1787 382 1828 ad
405 1786 575 1828 feriatos
599 1785 807 1837 fascinos;

269 1864 346 1891 nec
370 1849 468 1891 dein
490 1862 658 1891 movere
681 1847 848 1891 lumbos
871 1848 916 1890 in
940 1847 1151 1891 crocotula

326 1911 488 1967 prensis
513 1910 665 1953 videbo
689 1910 902 1961 altaribus,

270 1974 508 2028 flavumque
531 1979 701 2030 propter
724 1973 931 2029 Thybrim
955 1973 1114 2015 olentes
1138 1972 1351 2015 nauticum

327 2051 496 2087 vocare,
521 2036 594 2078 ubi
617 2036 818 2092 appulsae
841 2041 952 2078 rates

271 2104 381 2141 stant
403 2098 448 2140 in
470 2099 590 2141 vadis
615 2113 746 2141 coeno
768 2104 954 2141 retentae
979 2098 1146 2141 sordido

326 2176 549 2216 macraque
571 2161 778 2204 luctantes
802 2176 930 2217 aqua3

269 2238 405 2278 neque
428 2224 474 2265 in
496 2223 678 2266 culinam
702 2230 744 2266 et
766 2230 894 2266 uncta
917 2224 1155 2279 compitalia

326 2287 540 2341 dapesque
564 2286 693 2327 duces
718 2286 920 2335 sordidas,

270 2347 423 2402 quibus
447 2346 650 2403 repletus,
674 2353 722 2389 ut
746 2347 938 2389 salivosis
961 2347 1084 2396 escis,

329 2410 502 2452 obesam
525 2410 580 2452 ad
601 2424 777 2452 uxorem
799 2410 924 2461 redis,

273 2478 314 2513 et
337 2478 574 2513 aestuantes
598 2477 720 2514 nocte
745 2471 871 2514 solvis
895 2472 1097 2527 pantices,

331 2534 506 2589 olusque
529 2533 679 2576 lambis
706 2535 845 2576 saviis.

274 2611 384 2639 nunc
407 2596 544 2647 laede,
570 2611 683 2638 nunc
705 2597 883 2647 lacesse,
911 2597 947 2638 si
970 2597 1199 2651 quidquam
1223 2595 1357 2638 vales!

330 2665 372 2701 et
394 2673 546 2701 nomen
570 2658 761 2701 adscribo
785 2666 915 2701 tuum.

274 2721 445 2764 cinaede
468 2721 598 2772 Luci,
624 2736 678 2762 an
702 2727 742 2762 te
765 2721 1020 2776 reliquerunt
1044 2735 1158 2776 opes,

330 2783 526 2838 fameque
549 2783 720 2839 genuini
745 2783 940 2839 crepant?

1446 295 1531 339 375

1562 1174 1601 1204 10

1561 1488 1600 1516 15

1559 1798 1602 1829 20

1557 2110 1599 2140 25

1558 2420 1600 2451 30

1557 2733 1599 2763 35
