1820 3054
352 296 434 338 382
751 304 793 337 Ρ.
812 301 1042 338 VERGILII
1059 300 1284 338 MARONIS

351 412 391 448 et
414 405 514 447 cinis
538 404 738 446 obductae
762 402 920 444 celabat
942 402 1096 444 lumina
1118 417 1285 458 prunae.

286 480 326 510 10
350 467 540 508 admovet
561 464 625 505 his
649 477 819 518 pronam
843 462 1049 505 submissa
1071 463 1206 506 fronte
1228 464 1448 518 lucernam,

350 532 390 568 et
411 524 598 581 producit
621 538 697 565 acu
721 529 891 578 stuppas
915 524 1086 566 humore
1110 531 1306 575 carentes,

349 586 498 628 excitat
520 590 560 626 et
583 584 733 626 crebris
757 584 1020 640 languentem
1044 585 1206 628 flatibus
1230 586 1381 642 ignem.

347 646 511 688 tandem
535 651 730 700 concepto
755 645 946 687 tenebrae
970 646 1130 701 fulgore
1152 648 1366 698 recedunt3

347 707 613 762 oppositaque
637 721 760 747 manu
783 706 922 748 lumen
945 707 1128 749 defendit
1150 708 1202 750 ab
1226 723 1336 758 aura,

283 782 323 812 15
347 774 387 809 et
408 774 562 809 reserat
586 767 749 809 casulae
773 782 877 823 quae
899 768 1085 823 pervidet
1107 769 1213 810 ostia
1237 769 1375 812 clavis.

347 827 466 870 fusus
491 834 575 870 erat
599 834 706 870 terra
729 829 923 870 frumenti
945 844 1101 884 pauper
1123 844 1311 872 acervus:

346 889 440 930 hinc
465 889 543 931 sibi
567 889 784 944 depromit,
809 896 1007 944 quantum
1030 905 1222 932 mensura
1243 891 1420 946 patebat,

347 964 452 1004 quae
475 949 538 991 bis
563 950 606 991 in
629 956 796 993 octonas
820 952 996 992 excurrit
1019 952 1198 1006 pondere
1221 952 1359 994 libras.

402 1010 504 1052 Inde
529 1011 613 1052 abit
635 1012 876 1065 adsistitque
899 1012 1049 1062 molae,
1074 1027 1280 1067 parvaque
1305 1013 1465 1063 tabella,

282 1084 324 1114 20
348 1085 471 1125 quam
495 1071 619 1113 fixam
641 1072 776 1126 paries
799 1072 891 1114 illos
917 1072 1106 1114 servabat
1127 1073 1171 1113 in
1196 1088 1308 1123 usus,

346 1132 500 1173 lumina
522 1133 605 1174 fida
627 1133 751 1184 locat3
776 1133 962 1188 geminos
987 1140 1074 1174 tum
1097 1140 1211 1175 veste
1234 1134 1406 1176 lacertos

347 1193 492 1235 liberat
516 1200 556 1234 et
579 1194 735 1236 cinctus
758 1194 928 1236 villosae
952 1195 1131 1249 tegmine
1156 1209 1301 1250 caprae

345 1254 569 1309 praeverrit
591 1255 723 1296 cauda
746 1255 880 1296 silices
903 1255 1195 1310 geminumque
1218 1256 1425 1297 molarem.

347 1314 520 1357 advocat
542 1315 637 1356 inde
660 1330 807 1357 manus
831 1316 960 1370 operi,
985 1316 1157 1370 partitus
1180 1317 1359 1369 utrique:

281 1388 323 1418 25
346 1374 464 1416 laeva
486 1375 728 1425 ministerio,
755 1377 899 1417 dextra
923 1382 985 1418 est
1007 1377 1162 1418 intenta
1184 1376 1326 1418 labori.

345 1434 447 1477 haec
469 1442 576 1478 rotat
599 1437 818 1478 adsiduum
841 1437 953 1492 gyris
978 1443 1019 1478 et
1042 1438 1218 1478 concitat
1241 1437 1399 1479 orbem:

346 1502 467 1538 tunsa
490 1511 601 1539 ceres
627 1497 787 1539 silicum
809 1498 952 1552 rapido
976 1498 1154 1539 decurrit
1176 1498 1228 1540 ab
1252 1499 1347 1540 ictu.

344 1557 548 1599 interdum
571 1557 707 1600 fessae
732 1559 914 1600 succedit
936 1559 1055 1600 laeva
1079 1559 1219 1609 sorori,

345 1618 596 1673 alternatque
619 1619 743 1661 vices.
768 1620 891 1662 modo
914 1620 1067 1662 rustica
1090 1620 1270 1662 carmina
1294 1627 1441 1671 cantat,

280 1691 322 1722 30
345 1680 578 1735 agrestique
603 1695 723 1722 suum
748 1681 901 1723 solatur
923 1696 1024 1723 voce
1047 1681 1241 1732 laborem3

343 1740 547 1782 interdum
571 1741 720 1783 clamat
746 1741 964 1797 Scybalen.
990 1749 1076 1784 erat
1098 1742 1219 1784 unica
1242 1748 1394 1793 custos,

343 1800 452 1843 Afra
473 1816 622 1857 genus,
649 1808 734 1844 tota
755 1804 929 1858 patriam
953 1809 1127 1845 testante
1150 1803 1296 1859 figura,

343 1867 449 1903 torta
472 1876 649 1913 comam,
673 1863 868 1918 labroque
893 1870 1054 1906 tumens
1079 1870 1119 1906 et
1141 1864 1261 1905 fusca
1283 1865 1430 1915 colore,

343 1929 507 1978 pectore
529 1924 630 1974 lata,
655 1925 792 1967 iacens
817 1926 1025 1975 mammis,
1051 1927 1323 1981 compressior
1345 1927 1450 1977 alvo,

278 1995 320 2026 35
345 1983 529 2025 cruribus
554 1985 689 2035 exilis,
716 1987 896 2040 spatiosa
917 1987 1090 2041 prodiga
1111 1987 1269 2041 planta3

346 2041 567 2099 [continuis
590 2045 704 2087 rimis
729 2046 919 2087 calcanea
942 2047 1072 2088 scissa
1094 2046 1314 2102 rigebant]

344 2103 450 2145 hanc
474 2111 594 2146 vocat
616 2111 738 2160 atque
762 2106 864 2148 focis
890 2121 1031 2148 arsura
1053 2106 1246 2161 inponere
1269 2107 1382 2162 ligna

344 2164 518 2219 imperat
542 2172 582 2207 et
604 2166 769 2208 flamma
791 2167 949 2223 gelidos
973 2167 1136 2209 adolere
1159 2167 1349 2220 liquores.

399 2225 626 2280 Postquam
649 2227 820 2282 inplevit
842 2242 945 2282 opus
969 2228 1077 2269 iusto
1101 2228 1290 2269 versatile
1313 2228 1406 2278 fine,

277 2298 321 2328 40
344 2286 535 2328 transfert
557 2288 652 2328 inde
676 2303 801 2329 manu
823 2287 939 2330 fusas
962 2288 1005 2329 in
1029 2288 1160 2330 cribra
1183 2288 1336 2331 farinas

346 2352 387 2387 et
409 2349 559 2401 quatit:
583 2348 661 2390 hac
682 2355 894 2391 remanent
918 2364 1078 2391 summo
1101 2349 1343 2405 purgamina
1367 2350 1501 2399 dorso,

346 2407 521 2450 subsidit
545 2410 702 2452 sincera
725 2410 1074 2464 foraminibusque
1098 2411 1276 2464 liquatur

345 2470 560 2511 emendata
583 2485 708 2512 ceres.
733 2471 815 2513 levi
837 2477 934 2512 tunc
956 2472 1139 2526 protinus
1163 2471 1276 2512 illam

345 2531 551 2585 componit
574 2531 731 2582 tabula,
756 2532 914 2587 tepidas
940 2547 1062 2587 super
1084 2532 1232 2588 ingerit
1254 2533 1406 2582 undas3

279 2601 321 2632 45
347 2591 547 2632 contrahit
570 2592 773 2635 admixtos
797 2599 884 2634 tum
908 2593 1042 2634 fontes
1066 2599 1188 2647 atque
1208 2593 1377 2642 farinas,

345 2656 595 2694 transversat
618 2654 763 2695 durata
785 2669 927 2704 manU‚
952 2654 1188 2708 liquidoque
1213 2660 1354 2695 coacto

345 2711 547 2754 interdum
571 2729 739 2769 grumos
764 2715 920 2770 spargit
944 2715 1040 2756 sale.
1065 2715 1227 2768 iamque
1252 2707 1465 2755 subactum

345 2769 481 2814 laevat
504 2788 625 2828 opus,
650 2775 878 2829 palmisque
903 2791 1023 2817 suum
1047 2776 1188 2816 dilatat
1210 2776 1254 2815 in
1277 2774 1428 2823 orbem,
