1794 3048
272 537 334 567 305

272 838 336 869 310

273 1143 336 1174 315

274 1448 337 1478 320

275 1752 337 1782 325

274 2055 337 2084 330

277 2359 340 2390 335

277 2663 341 2695 340

363 292 443 334 138
763 302 803 334 P.
822 299 1052 335 VERGILII
1070 296 1292 338 MARONIS

358 402 513 443 libabat
536 401 660 442 cineri
683 399 972 442 Andromache
996 415 1218 455 manesque
1242 401 1414 444 vocabat

358 462 609 504 Hectoreum
633 461 686 501 ad
709 460 928 510 tumulum,
952 461 1072 502 viridi
1094 475 1217 515 quem
1240 463 1417 517 caespite
1440 463 1600 505 inanem

359 528 399 564 et
421 522 626 577 geminas,
652 535 840 563 caussam
864 521 1058 572 lacrimis,
1085 527 1314 563 sacraverat
1337 538 1440 564 aras.

359 589 404 624 ut
427 597 492 624 me
516 582 728 637 conspexit
751 581 982 623 venientem
1006 588 1045 623 et
1069 582 1194 623 Troia
1217 583 1370 624 circum

359 658 472 684 arma
495 657 635 684 amens
661 642 779 693 vidit,
806 643 968 698 magnis
993 643 1184 684 exterrita
1206 644 1397 686 monstris

359 703 535 758 deriguit
557 703 651 744 visu
672 703 716 744 in
738 704 891 754 medio,
917 703 1027 745 calor
1049 718 1145 746 ossa
1167 704 1347 758 reliquit;

358 763 508 806 labitur
531 770 571 806 et
593 764 717 820 longo
740 765 810 805 vix
833 765 997 806 tandem
1021 770 1202 819 tempore
1225 764 1351 806 fatur:

362 839 535 876 „verane
558 832 598 866 te
621 825 766 875 facies,
791 840 912 867 verus
935 825 1036 867 mihi
1057 826 1223 867 nuntius
1248 825 1397 876 adfers,

359 892 452 927 nate
477 886 582 927 dea?
605 886 787 928 vivisne?
810 893 897 936 aut,
925 887 959 928 si
982 886 1054 927 lux
1077 887 1185 927 alma
1206 887 1387 937 recessit,

359 947 516 988 Hector
538 947 609 988 ubi
633 948 749 989 est?“
775 947 895 998 dixit,
919 947 1189 1001 lacrimasque
1213 947 1357 989 effudit
1380 954 1420 989 et
1443 962 1604 990 omnem

359 1007 530 1062 inplevit
554 1007 730 1049 clamore
754 1008 902 1050 locum.
916 1009 997 1063 ¹vix
1019 1023 1151 1063 pauca
1174 1009 1323 1050 furenti

361 1069 516 1111 subicio
541 1075 581 1110 et
602 1069 704 1110 raris
729 1069 914 1111 turbatus
938 1069 1108 1111 vocibus
1131 1069 1265 1111 hisco:

362 1130 482 1182 „vivo
507 1130 696 1185 equidem
719 1131 926 1184 vitamque
950 1136 1131 1172 extrema
1153 1145 1227 1186 per
1249 1131 1385 1172 omnia
1409 1131 1532 1180 duco3

359 1205 411 1232 ne
435 1190 594 1241 dubita,
620 1206 718 1232 nam
741 1206 838 1233 vera
860 1191 988 1233 vides.

359 1250 457 1292 heu!
483 1252 574 1305 quis
599 1258 638 1293 te
663 1266 782 1293 casus
807 1252 1006 1293 deiectam
1031 1253 1203 1307 coniuge
1227 1258 1339 1293 tanto

361 1312 534 1367 excipit?
558 1318 628 1354 aut
652 1327 756 1366 quae
781 1313 906 1367 digna
930 1312 1028 1354 satis
1052 1312 1216 1354 fortuna
1237 1313 1402 1355 revisit?

361 1373 552 1415 Hectoris
576 1372 866 1414 Andromache
890 1373 1067 1428 Pyrrhin
1091 1373 1265 1415 conubia
1288 1375 1481 1416 servas?“

361 1435 507 1476 deiecit
529 1434 685 1475 voltum
711 1440 750 1475 et
773 1435 954 1476 demissa
976 1449 1078 1476 voce
1100 1435 1236 1477 locuta
1259 1442 1339 1478 est:

363 1510 413 1546 „o
437 1495 536 1536 felix
558 1510 641 1536 una
664 1501 756 1536 ante
782 1495 881 1537 alias
904 1495 1110 1537 Priameia
1132 1497 1261 1552 virgo,

360 1556 550 1597 hostilem
574 1556 628 1597 ad
650 1556 851 1597 tumulum
876 1556 1024 1598 Troiae
1049 1557 1126 1598 sub
1150 1557 1362 1599 moenibus
1387 1558 1478 1600 altis

360 1617 474 1658 iussa
495 1617 616 1666 mori,
641 1631 746 1670 quae
770 1617 934 1659 sortitus
957 1632 1041 1658 non
1062 1618 1227 1672 pertulit
1251 1619 1367 1668 ullos,

360 1692 435 1719 nee
459 1677 623 1719 victoris
647 1678 735 1719 heri
758 1678 892 1733 tetigit
915 1678 1076 1733 captiva
1100 1678 1251 1720 cubile!

361 1754 454 1788 nos,
478 1739 611 1794 patria
633 1739 801 1781 incensa
824 1739 986 1781 diversa
1008 1754 1082 1794 per
1105 1754 1282 1794 aequora
1304 1746 1457 1790 vectae,

362 1799 499 1854 stirpis
522 1798 737 1841 Achilleae
760 1799 893 1841 fastus
916 1800 1187 1854 iuvenemque
1212 1801 1445 1856 superbum,

362 1859 525 1901 servitio
550 1860 710 1910 enixae,
736 1860 903 1901 tulimus
912 1876 923 1911 3
948 1861 1019 1914 qui
1043 1861 1206 1911 deinde,
1233 1868 1396 1903 secutus

361 1920 571 1961 Ledaeam
594 1920 849 1962 Hermionen
871 1921 1304 1975 Lacedaemoniosque
1327 1922 1588 1976 hymenaeos,

362 1996 427 2022 me
450 1981 604 2022 famulo
627 1981 906 2035 famulamque
928 1981 1092 2023 Heleno
1116 1983 1341 2024 transmisit
1363 1982 1605 2024 habendam.

362 2047 425 2083 ast
448 2041 563 2082 illum
587 2048 747 2097 ereptae
770 2057 921 2098 magno
944 2042 1220 2084 inflammatus
1246 2057 1384 2084 amore

362 2102 546 2158 coniugis
571 2108 611 2144 et
635 2103 834 2144 scelerum
856 2103 992 2144 Furiis
1017 2103 1194 2158 agitatus
1223 2102 1394 2146 Orestes

362 2163 512 2218 excipit
535 2163 742 2205 incautum
763 2164 997 2219 patriasque
1022 2164 1236 2206 obtruncat
1260 2165 1312 2206 ad
1335 2180 1439 2206 aras.

363 2231 490 2266 morte
513 2225 771 2280 Neoptolemi
792 2240 1013 2281 regnorum
1035 2226 1194 2267 reddita
1218 2226 1342 2267 cessit

361 2300 457 2341 pars
481 2286 662 2337 Heleno,
687 2286 759 2341 qui
784 2285 992 2328 Chaonios
1018 2287 1260 2342 cognomine
1284 2301 1451 2342 campos

366 2346 675 2402 Chaoniamque
699 2362 861 2389 omnem
885 2348 1062 2389 Troiano
1087 2363 1111 2390 a
1136 2347 1305 2390 Chaone
1330 2348 1444 2398 dixit,

362 2407 646 2464 Pergamaque
668 2409 918 2463 Iliacamque
941 2409 1050 2465 iugis
1073 2409 1179 2451 hanc
1203 2409 1358 2450 addidit
1381 2423 1527 2450 arcem.

364 2470 437 2511 sed
460 2469 534 2511 tibi
556 2470 626 2524 qui
649 2484 814 2511 cursum
837 2470 965 2520 venti,
991 2484 1097 2524 quae
1121 2470 1208 2511 fata
1231 2470 1404 2512 dedere?

363 2537 434 2571 aut
456 2531 644 2585 quisnam
667 2531 855 2586 ignarum
878 2531 1026 2573 nostris
1051 2532 1152 2573 deus
1178 2530 1334 2586 adpulit
1358 2530 1464 2571 oris?

363 2591 461 2644 quid
483 2606 585 2646 puer
606 2591 839 2633 Ascanius?
862 2597 1078 2646 superatne
1103 2598 1143 2633 et
1166 2591 1344 2633 vescitur
1366 2590 1490 2631 aura?

364 2666 485 2705 quem
509 2653 582 2694 tibi
604 2653 686 2694 iam
711 2653 835 2695 Troia
858 2652 942 2675 *³⁸

367 2712 514 2768 [ecqua
537 2719 673 2755 tamen
694 2728 822 2768 puero
845 2720 908 2756 est
931 2714 1104 2755 amissae
1129 2728 1225 2755 eura
1245 2712 1422 2767 parentis
1430 2711 1466 2766 Ρ]
