<?xml version="1.0" encoding="UTF-8"?>
<!DOCTYPE html PUBLIC "-//W3C//DTD XHTML 1.0 Transitional//EN"
    "http://www.w3.org/TR/xhtml1/DTD/xhtml1-transitional.dtd">
<html xmlns="http://www.w3.org/1999/xhtml" xml:lang="en" lang="en">
 <head>
  <title>
</title>
<meta http-equiv="Content-Type" content="text/html;charset=utf-8" />
  <meta name='ocr-system' content='tesseract 3.04.00' />
  <meta name='ocr-capabilities' content='ocr_page ocr_carea ocr_par ocr_line ocrx_word'/>
</head>
<body>
  <div class='ocr_page' id='page_1' title='image "./operavirg00virguoft_0096.png"; bbox 0 0 1794 3048; ppageno 0'>
   <div class='ocr_carea' id='block_1_1' title="bbox 374 275 1302 320">
    <p class='ocr_par' dir='ltr' id='par_1_1' title="bbox 374 275 1302 320">
     <span class='ocr_line' id='line_1_1' title="bbox 374 275 1302 320; baseline 0.003 -4"><span class='ocrx_word' id='word_1_1' title='bbox 374 275 427 316; x_wconf 77' lang='grc'><strong>64</strong></span> <span class='ocrx_word' id='word_1_2' title='bbox 772 285 813 319; x_wconf 86' lang='grc' dir='ltr'><strong>Ρ.</strong></span> <span class='ocrx_word' id='word_1_3' title='bbox 832 284 1060 320; x_wconf 82' lang='lat' dir='ltr'>VERGILII</span> <span class='ocrx_word' id='word_1_4' title='bbox 1081 282 1302 320; x_wconf 81' lang='lat' dir='ltr'><strong>MARONIS</strong></span> 
     </span>
    </p>
   </div>
   <div class='ocr_carea' id='block_1_2' title="bbox 287 383 1505 441">
    <p class='ocr_par' dir='ltr' id='par_1_2' title="bbox 287 383 1505 441">
     <span class='ocr_line' id='line_1_2' title="bbox 287 383 1505 441; baseline 0 -14"><span class='ocrx_word' id='word_1_5' title='bbox 287 398 351 429; x_wconf 80' lang='lat'><strong>260</strong></span> <span class='ocrx_word' id='word_1_6' title='bbox 373 392 491 426; x_wconf 88' lang='lat' dir='ltr'><strong>nocte</strong></span> <span class='ocrx_word' id='word_1_7' title='bbox 514 391 625 426; x_wconf 87' lang='lat' dir='ltr'><strong>natat</strong></span> <span class='ocrx_word' id='word_1_8' title='bbox 649 398 769 425; x_wconf 87' lang='lat' dir='ltr'><strong>caeca</strong></span> <span class='ocrx_word' id='word_1_9' title='bbox 793 398 906 425; x_wconf 90' lang='lat' dir='ltr'><strong>serus</strong></span> <span class='ocrx_word' id='word_1_10' title='bbox 930 383 1051 432; x_wconf 79' lang='lat' dir='ltr'><strong>freta3</strong></span> <span class='ocrx_word' id='word_1_11' title='bbox 1076 397 1198 436; x_wconf 88' lang='lat' dir='ltr'><strong>quem</strong></span> <span class='ocrx_word' id='word_1_12' title='bbox 1222 399 1342 439; x_wconf 87' lang='lat' dir='ltr'><strong>super</strong></span> <span class='ocrx_word' id='word_1_13' title='bbox 1364 386 1505 441; x_wconf 89' lang='lat' dir='ltr'><strong>ingens</strong></span> 
     </span>
    </p>
   </div>
   <div class='ocr_carea' id='block_1_3' title="bbox 286 700 349 730">
    <p class='ocr_par' dir='ltr' id='par_1_3' title="bbox 286 700 349 730">
     <span class='ocr_line' id='line_1_3' title="bbox 286 700 349 730; baseline 0.032 -2"><span class='ocrx_word' id='word_1_14' title='bbox 286 700 349 730; x_wconf 82' lang='lat'><strong>265</strong></span> 
     </span>
    </p>
   </div>
   <div class='ocr_carea' id='block_1_4' title="bbox 286 1003 351 1033">
    <p class='ocr_par' dir='ltr' id='par_1_4' title="bbox 286 1003 351 1033">
     <span class='ocr_line' id='line_1_4' title="bbox 286 1003 351 1033; baseline 0 0"><span class='ocrx_word' id='word_1_15' title='bbox 286 1003 351 1033; x_wconf 80' lang='lat'><strong>270</strong></span> 
     </span>
    </p>
   </div>
   <div class='ocr_carea' id='block_1_5' title="bbox 287 1308 352 1338">
    <p class='ocr_par' dir='ltr' id='par_1_5' title="bbox 287 1308 352 1338">
     <span class='ocr_line' id='line_1_5' title="bbox 287 1308 352 1338; baseline 0.031 -2"><span class='ocrx_word' id='word_1_16' title='bbox 287 1308 352 1338; x_wconf 79' lang='lat'><strong>275</strong></span> 
     </span>
    </p>
   </div>
   <div class='ocr_carea' id='block_1_6' title="bbox 288 1609 352 1639">
    <p class='ocr_par' dir='ltr' id='par_1_6' title="bbox 288 1609 352 1639">
     <span class='ocr_line' id='line_1_6' title="bbox 288 1609 352 1639; baseline 0.016 -1"><span class='ocrx_word' id='word_1_17' title='bbox 288 1609 352 1639; x_wconf 79' lang='lat'><strong>280</strong></span> 
     </span>
    </p>
   </div>
   <div class='ocr_carea' id='block_1_7' title="bbox 289 1911 352 1942">
    <p class='ocr_par' dir='ltr' id='par_1_7' title="bbox 289 1911 352 1942">
     <span class='ocr_line' id='line_1_7' title="bbox 289 1911 352 1942; baseline 0 0"><span class='ocrx_word' id='word_1_18' title='bbox 289 1911 352 1942; x_wconf 79' lang='lat'><strong>285</strong></span> 
     </span>
    </p>
   </div>
   <div class='ocr_carea' id='block_1_8' title="bbox 292 2518 354 2548">
    <p class='ocr_par' dir='ltr' id='par_1_8' title="bbox 292 2518 354 2548">
     <span class='ocr_line' id='line_1_8' title="bbox 292 2518 354 2548; baseline 0.032 -2"><span class='ocrx_word' id='word_1_19' title='bbox 292 2518 354 2548; x_wconf 77' lang='lat'><strong>295</strong></span> 
     </span>
    </p>
   </div>
   <div class='ocr_carea' id='block_1_9' title="bbox 372 444 1596 2740">
    <p class='ocr_par' dir='ltr' id='par_1_9' title="bbox 372 444 1596 2740">
     <span class='ocr_line' id='line_1_9' title="bbox 373 444 1381 500; baseline 0 -14"><span class='ocrx_word' id='word_1_20' title='bbox 373 452 489 500; x_wconf 88' lang='lat' dir='ltr'><strong>porta</strong></span> <span class='ocrx_word' id='word_1_21' title='bbox 512 450 623 486; x_wconf 91' lang='lat' dir='ltr'><strong>tonat</strong></span> <span class='ocrx_word' id='word_1_22' title='bbox 647 444 747 484; x_wconf 87' lang='lat' dir='ltr'><strong>caeli</strong></span> <span class='ocrx_word' id='word_1_23' title='bbox 771 449 810 484; x_wconf 89' lang='lat' dir='ltr'><strong>et</strong></span> <span class='ocrx_word' id='word_1_24' title='bbox 835 444 1010 497; x_wconf 87' lang='lat' dir='ltr'><strong>scopulis</strong></span> <span class='ocrx_word' id='word_1_25' title='bbox 1034 444 1140 484; x_wconf 85' lang='lat' dir='ltr'><strong>illisa</strong></span> <span class='ocrx_word' id='word_1_26' title='bbox 1161 444 1381 486; x_wconf 81' lang='lat' dir='ltr'>reclamant</span> 
     </span>
     <span class='ocr_line' id='line_1_10' title="bbox 375 505 1456 559; baseline 0.001 -13"><span class='ocrx_word' id='word_1_27' title='bbox 375 520 569 559; x_wconf 84' lang='lat' dir='ltr'><strong>aequora3</strong></span> <span class='ocrx_word' id='word_1_28' title='bbox 593 519 668 545; x_wconf 90' lang='lat' dir='ltr'><strong>nec</strong></span> <span class='ocrx_word' id='word_1_29' title='bbox 691 505 828 545; x_wconf 88' lang='lat' dir='ltr'><strong>miseri</strong></span> <span class='ocrx_word' id='word_1_30' title='bbox 851 510 1023 558; x_wconf 79' lang='lat' dir='ltr'>possunt</span> <span class='ocrx_word' id='word_1_31' title='bbox 1045 519 1234 546; x_wconf 87' lang='lat' dir='ltr'><strong>revocare</strong></span> <span class='ocrx_word' id='word_1_32' title='bbox 1257 511 1456 559; x_wconf 86' lang='lat' dir='ltr'><strong>parentes,</strong></span> 
     </span>
     <span class='ocr_line' id='line_1_11' title="bbox 373 565 1298 620; baseline -0.001 -13"><span class='ocrx_word' id='word_1_33' title='bbox 373 580 449 607; x_wconf 89' lang='lat' dir='ltr'><strong>nec</strong></span> <span class='ocrx_word' id='word_1_34' title='bbox 471 565 664 606; x_wconf 87' lang='lat' dir='ltr'><strong>moritura</strong></span> <span class='ocrx_word' id='word_1_35' title='bbox 688 579 809 619; x_wconf 90' lang='lat' dir='ltr'><strong>super</strong></span> <span class='ocrx_word' id='word_1_36' title='bbox 832 565 984 605; x_wconf 89' lang='lat' dir='ltr'><strong>crudeli</strong></span> <span class='ocrx_word' id='word_1_37' title='bbox 1007 565 1147 606; x_wconf 88' lang='lat' dir='ltr'><strong>funere</strong></span> <span class='ocrx_word' id='word_1_38' title='bbox 1170 566 1298 620; x_wconf 90' lang='lat' dir='ltr'><strong>virgo.</strong></span> 
     </span>
     <span class='ocr_line' id='line_1_12' title="bbox 373 625 1508 681; baseline 0.001 -15"><span class='ocrx_word' id='word_1_39' title='bbox 373 626 472 679; x_wconf 92' lang='lat' dir='ltr'><strong>quid</strong></span> <span class='ocrx_word' id='word_1_40' title='bbox 496 626 635 680; x_wconf 86' lang='lat' dir='ltr'><strong>lynces</strong></span> <span class='ocrx_word' id='word_1_41' title='bbox 658 625 813 666; x_wconf 87' lang='lat' dir='ltr'><strong>Bacchi</strong></span> <span class='ocrx_word' id='word_1_42' title='bbox 835 626 970 666; x_wconf 89' lang='lat' dir='ltr'><strong>variae</strong></span> <span class='ocrx_word' id='word_1_43' title='bbox 994 632 1034 666; x_wconf 92' lang='lat' dir='ltr'><strong>et</strong></span> <span class='ocrx_word' id='word_1_44' title='bbox 1056 640 1185 680; x_wconf 89' lang='lat' dir='ltr'><strong>genus</strong></span> <span class='ocrx_word' id='word_1_45' title='bbox 1210 641 1301 667; x_wconf 87' lang='lat' dir='ltr'><strong>acre</strong></span> <span class='ocrx_word' id='word_1_46' title='bbox 1324 626 1508 681; x_wconf 89' lang='lat' dir='ltr'><strong>luporum</strong></span> 
     </span>
     <span class='ocr_line' id='line_1_13' title="bbox 374 685 1596 741; baseline 0.001 -14"><span class='ocrx_word' id='word_1_47' title='bbox 374 692 494 739; x_wconf 85' lang='lat' dir='ltr'><strong>atque</strong></span> <span class='ocrx_word' id='word_1_48' title='bbox 518 685 687 726; x_wconf 84' lang='lat' dir='ltr'><strong>canum?</strong></span> <span class='ocrx_word' id='word_1_49' title='bbox 710 685 824 738; x_wconf 88' lang='lat' dir='ltr'><strong>quid,</strong></span> <span class='ocrx_word' id='word_1_50' title='bbox 850 700 954 739; x_wconf 86' lang='lat' dir='ltr'><strong>quae</strong></span> <span class='ocrx_word' id='word_1_51' title='bbox 977 685 1144 728; x_wconf 79' lang='lat' dir='ltr'>inbelles</span> <span class='ocrx_word' id='word_1_52' title='bbox 1170 687 1267 727; x_wconf 89' lang='lat' dir='ltr'><strong>dant</strong></span> <span class='ocrx_word' id='word_1_53' title='bbox 1290 687 1442 741; x_wconf 88' lang='lat' dir='ltr'><strong>proelia</strong></span> <span class='ocrx_word' id='word_1_54' title='bbox 1465 688 1596 728; x_wconf 83' lang='lat' dir='ltr'><strong>cervi?</strong></span> 
     </span>
     <span class='ocr_line' id='line_1_14' title="bbox 374 746 1448 803; baseline 0 -15"><span class='ocrx_word' id='word_1_55' title='bbox 374 748 526 789; x_wconf 86' lang='lat' dir='ltr'><strong>scilicet</strong></span> <span class='ocrx_word' id='word_1_56' title='bbox 549 753 642 788; x_wconf 89' lang='lat' dir='ltr'><strong>ante</strong></span> <span class='ocrx_word' id='word_1_57' title='bbox 666 747 796 788; x_wconf 90' lang='lat' dir='ltr'><strong>omnis</strong></span> <span class='ocrx_word' id='word_1_58' title='bbox 821 746 933 788; x_wconf 85' lang='lat' dir='ltr'><strong>furor</strong></span> <span class='ocrx_word' id='word_1_59' title='bbox 956 752 1018 788; x_wconf 91' lang='lat' dir='ltr'><strong>est</strong></span> <span class='ocrx_word' id='word_1_60' title='bbox 1040 747 1212 803; x_wconf 89' lang='lat' dir='ltr'><strong>insignis</strong></span> <span class='ocrx_word' id='word_1_61' title='bbox 1237 762 1448 801; x_wconf 87' lang='lat' dir='ltr'><strong>equarum;</strong></span> 
     </span>
     <span class='ocr_line' id='line_1_15' title="bbox 375 806 1526 862; baseline 0 -14"><span class='ocrx_word' id='word_1_62' title='bbox 375 813 415 848; x_wconf 84' lang='lat' dir='ltr'><strong>et</strong></span> <span class='ocrx_word' id='word_1_63' title='bbox 436 813 613 848; x_wconf 84' lang='lat' dir='ltr'><strong>mentem</strong></span> <span class='ocrx_word' id='word_1_64' title='bbox 636 806 780 848; x_wconf 89' lang='lat' dir='ltr'><strong>Venus</strong></span> <span class='ocrx_word' id='word_1_65' title='bbox 803 807 894 862; x_wconf 86' lang='lat' dir='ltr'><strong>ipsa</strong></span> <span class='ocrx_word' id='word_1_66' title='bbox 917 808 1045 857; x_wconf 87' lang='lat' dir='ltr'>dedit,</span> <span class='ocrx_word' id='word_1_67' title='bbox 1070 822 1152 861; x_wconf 92' lang='lat' dir='ltr'><strong>quo</strong></span> <span class='ocrx_word' id='word_1_68' title='bbox 1175 813 1354 862; x_wconf 88' lang='lat' dir='ltr'><strong>tempore</strong></span> <span class='ocrx_word' id='word_1_69' title='bbox 1380 806 1526 849; x_wconf 83' lang='lat' dir='ltr'>Glauci</span> 
     </span>
     <span class='ocr_line' id='line_1_16' title="bbox 378 867 1490 924; baseline 0 -15"><span class='ocrx_word' id='word_1_70' title='bbox 378 868 602 910; x_wconf 80' lang='lat' dir='ltr'>Potniades</span> <span class='ocrx_word' id='word_1_71' title='bbox 626 868 743 909; x_wconf 86' lang='lat' dir='ltr'><strong>malis</strong></span> <span class='ocrx_word' id='word_1_72' title='bbox 767 867 950 910; x_wconf 90' lang='lat' dir='ltr'><strong>membra</strong></span> <span class='ocrx_word' id='word_1_73' title='bbox 973 868 1235 923; x_wconf 76' lang='lat' dir='ltr'><strong>absumpsere</strong></span> <span class='ocrx_word' id='word_1_74' title='bbox 1258 869 1490 924; x_wconf 85' lang='lat' dir='ltr'><strong>quadrigae.</strong></span> 
     </span>
     <span class='ocr_line' id='line_1_17' title="bbox 374 927 1526 984; baseline 0 -15"><span class='ocrx_word' id='word_1_75' title='bbox 374 929 463 970; x_wconf 91' lang='lat' dir='ltr'><strong>illas</strong></span> <span class='ocrx_word' id='word_1_76' title='bbox 488 929 598 970; x_wconf 89' lang='lat' dir='ltr'><strong>ducit</strong></span> <span class='ocrx_word' id='word_1_77' title='bbox 621 940 734 969; x_wconf 83' lang='lat' dir='ltr'><strong>amor</strong></span> <span class='ocrx_word' id='word_1_78' title='bbox 756 934 867 970; x_wconf 89' lang='lat' dir='ltr'><strong>trans</strong></span> <span class='ocrx_word' id='word_1_79' title='bbox 893 927 1078 984; x_wconf 82' lang='lat' dir='ltr'><strong>Gargara</strong></span> <span class='ocrx_word' id='word_1_80' title='bbox 1102 935 1294 982; x_wconf 87' lang='lat' dir='ltr'><strong>transque</strong></span> <span class='ocrx_word' id='word_1_81' title='bbox 1317 935 1526 970; x_wconf 88' lang='lat' dir='ltr'><strong>sonantem</strong></span> 
     </span>
     <span class='ocr_line' id='line_1_18' title="bbox 372 989 1460 1043; baseline -0.001 -12"><span class='ocrx_word' id='word_1_82' title='bbox 372 989 618 1039; x_wconf 83' lang='lat' dir='ltr'><strong>Ascanium3</strong></span> <span class='ocrx_word' id='word_1_83' title='bbox 643 995 833 1043; x_wconf 89' lang='lat' dir='ltr'><strong>superant</strong></span> <span class='ocrx_word' id='word_1_84' title='bbox 855 995 1013 1030; x_wconf 89' lang='lat' dir='ltr'><strong>montes</strong></span> <span class='ocrx_word' id='word_1_85' title='bbox 1038 994 1078 1030; x_wconf 89' lang='lat' dir='ltr'><strong>et</strong></span> <span class='ocrx_word' id='word_1_86' title='bbox 1099 989 1266 1030; x_wconf 87' lang='lat' dir='ltr'><strong>flumina</strong></span> <span class='ocrx_word' id='word_1_87' title='bbox 1289 994 1460 1030; x_wconf 82' lang='lat' dir='ltr'><strong>tranant.</strong></span> 
     </span>
     <span class='ocr_line' id='line_1_19' title="bbox 374 1049 1561 1103; baseline -0.002 -11"><span class='ocrx_word' id='word_1_88' title='bbox 374 1050 643 1103; x_wconf 87' lang='lat' dir='ltr'><strong>continuoque</strong></span> <span class='ocrx_word' id='word_1_89' title='bbox 667 1049 796 1091; x_wconf 88' lang='lat' dir='ltr'><strong>avidis</strong></span> <span class='ocrx_word' id='word_1_90' title='bbox 819 1049 891 1091; x_wconf 90' lang='lat' dir='ltr'><strong>ubi</strong></span> <span class='ocrx_word' id='word_1_91' title='bbox 916 1049 1078 1091; x_wconf 88' lang='lat' dir='ltr'><strong>subdita</strong></span> <span class='ocrx_word' id='word_1_92' title='bbox 1100 1050 1263 1091; x_wconf 89' lang='lat' dir='ltr'><strong>flamma</strong></span> <span class='ocrx_word' id='word_1_93' title='bbox 1285 1050 1486 1099; x_wconf 81' lang='lat' dir='ltr'><strong>medullis,</strong></span> <span class='ocrx_word' id='word_1_94' title='bbox 1512 1075 1561 1080; x_wconf 97' lang='lat'><strong>—</strong></span> 
     </span>
     <span class='ocr_line' id='line_1_20' title="bbox 374 1109 1516 1166; baseline -0.002 -14"><span class='ocrx_word' id='word_1_95' title='bbox 374 1125 469 1152; x_wconf 88' lang='lat' dir='ltr'><strong>vere</strong></span> <span class='ocrx_word' id='word_1_96' title='bbox 491 1110 641 1166; x_wconf 89' lang='lat' dir='ltr'><strong>magis,</strong></span> <span class='ocrx_word' id='word_1_97' title='bbox 667 1111 763 1164; x_wconf 87' lang='lat' dir='ltr'><strong>quia</strong></span> <span class='ocrx_word' id='word_1_98' title='bbox 783 1124 878 1151; x_wconf 86' lang='lat' dir='ltr'><strong>vere</strong></span> <span class='ocrx_word' id='word_1_99' title='bbox 903 1110 1011 1152; x_wconf 84' lang='lat' dir='ltr'><strong>calor</strong></span> <span class='ocrx_word' id='word_1_100' title='bbox 1033 1111 1138 1151; x_wconf 89' lang='lat' dir='ltr'><strong>redit</strong></span> <span class='ocrx_word' id='word_1_101' title='bbox 1160 1109 1322 1152; x_wconf 86' lang='lat' dir='ltr'><strong>ossibus</strong></span> <span class='ocrx_word' id='word_1_102' title='bbox 1345 1135 1400 1141; x_wconf 90' lang='lat'><strong>—-</strong></span> <span class='ocrx_word' id='word_1_103' title='bbox 1423 1111 1516 1151; x_wconf 87' lang='lat' dir='ltr'><strong>illae</strong></span> 
     </span>
     <span class='ocr_line' id='line_1_21' title="bbox 374 1171 1547 1226; baseline -0.001 -13"><span class='ocrx_word' id='word_1_104' title='bbox 374 1186 443 1213; x_wconf 87' lang='lat' dir='ltr'><strong>ore</strong></span> <span class='ocrx_word' id='word_1_105' title='bbox 466 1185 607 1212; x_wconf 89' lang='lat' dir='ltr'><strong>omnes</strong></span> <span class='ocrx_word' id='word_1_106' title='bbox 630 1185 772 1212; x_wconf 89' lang='lat' dir='ltr'><strong>versae</strong></span> <span class='ocrx_word' id='word_1_107' title='bbox 795 1171 849 1212; x_wconf 87' lang='lat' dir='ltr'><strong>ad</strong></span> <span class='ocrx_word' id='word_1_108' title='bbox 871 1171 1095 1226; x_wconf 87' lang='lat' dir='ltr'><strong>zephyrum</strong></span> <span class='ocrx_word' id='word_1_109' title='bbox 1119 1176 1228 1212; x_wconf 87' lang='lat' dir='ltr'><strong>stant</strong></span> <span class='ocrx_word' id='word_1_110' title='bbox 1251 1171 1418 1225; x_wconf 82' lang='lat' dir='ltr'><strong>rupibus</strong></span> <span class='ocrx_word' id='word_1_111' title='bbox 1441 1171 1547 1220; x_wconf 74' lang='lat' dir='ltr'><strong>altis,</strong></span> 
     </span>
     <span class='ocr_line' id='line_1_22' title="bbox 374 1231 1389 1287; baseline -0.002 -13"><span class='ocrx_word' id='word_1_112' title='bbox 374 1237 667 1287; x_wconf 80' lang='lat' dir='ltr'><strong>exceptantque</strong></span> <span class='ocrx_word' id='word_1_113' title='bbox 689 1231 790 1272; x_wconf 89' lang='lat' dir='ltr'><strong>levis</strong></span> <span class='ocrx_word' id='word_1_114' title='bbox 815 1246 933 1272; x_wconf 90' lang='lat' dir='ltr'><strong>auras</strong></span> <span class='ocrx_word' id='word_1_115' title='bbox 941 1262 952 1281; x_wconf 94' lang='lat'>,</span> <span class='ocrx_word' id='word_1_116' title='bbox 978 1237 1018 1272; x_wconf 84' lang='lat' dir='ltr'><strong>et</strong></span> <span class='ocrx_word' id='word_1_117' title='bbox 1041 1246 1162 1285; x_wconf 89' lang='lat' dir='ltr'><strong>saepe</strong></span> <span class='ocrx_word' id='word_1_118' title='bbox 1188 1232 1273 1272; x_wconf 88' lang='lat' dir='ltr'><strong>sine</strong></span> <span class='ocrx_word' id='word_1_119' title='bbox 1296 1231 1389 1272; x_wconf 89' lang='lat' dir='ltr'><strong>ullis</strong></span> 
     </span>
     <span class='ocr_line' id='line_1_23' title="bbox 375 1291 1417 1348; baseline -0.003 -13"><span class='ocrx_word' id='word_1_120' title='bbox 375 1292 572 1348; x_wconf 86' lang='lat' dir='ltr'><strong>coniugiis</strong></span> <span class='ocrx_word' id='word_1_121' title='bbox 595 1297 717 1333; x_wconf 83' lang='lat' dir='ltr'><strong>vento</strong></span> <span class='ocrx_word' id='word_1_122' title='bbox 741 1292 933 1346; x_wconf 88' lang='lat' dir='ltr'><strong>gravidae</strong></span> <span class='ocrx_word' id='word_1_123' title='bbox 957 1317 1011 1322; x_wconf 90' lang='lat'><strong>—-</strong></span> <span class='ocrx_word' id='word_1_124' title='bbox 1034 1291 1217 1333; x_wconf 86' lang='lat' dir='ltr'><strong>mirabile</strong></span> <span class='ocrx_word' id='word_1_125' title='bbox 1241 1292 1351 1332; x_wconf 90' lang='lat' dir='ltr'><strong>dictu</strong></span> <span class='ocrx_word' id='word_1_126' title='bbox 1374 1316 1417 1322; x_wconf 90' lang='lat'><strong>--</strong></span> 
     </span>
     <span class='ocr_line' id='line_1_24' title="bbox 375 1352 1372 1408; baseline -0.002 -13"><span class='ocrx_word' id='word_1_127' title='bbox 375 1369 475 1395; x_wconf 85' lang='lat' dir='ltr'><strong>saxa</strong></span> <span class='ocrx_word' id='word_1_128' title='bbox 496 1368 569 1408; x_wconf 87' lang='lat' dir='ltr'><strong>per</strong></span> <span class='ocrx_word' id='word_1_129' title='bbox 591 1359 631 1394; x_wconf 92' lang='lat' dir='ltr'><strong>et</strong></span> <span class='ocrx_word' id='word_1_130' title='bbox 655 1353 849 1407; x_wconf 85' lang='lat' dir='ltr'><strong>scopulos</strong></span> <span class='ocrx_word' id='word_1_131' title='bbox 867 1359 906 1393; x_wconf 90' lang='lat' dir='ltr'><strong>et</strong></span> <span class='ocrx_word' id='word_1_132' title='bbox 930 1353 1144 1407; x_wconf 87' lang='lat' dir='ltr'><strong>depressas</strong></span> <span class='ocrx_word' id='word_1_133' title='bbox 1170 1352 1372 1393; x_wconf 86' lang='lat' dir='ltr'><strong>convalles</strong></span> 
     </span>
     <span class='ocr_line' id='line_1_25' title="bbox 375 1412 1511 1469; baseline -0.002 -14"><span class='ocrx_word' id='word_1_134' title='bbox 375 1414 611 1469; x_wconf 88' lang='lat' dir='ltr'><strong>diffugiunt,</strong></span> <span class='ocrx_word' id='word_1_135' title='bbox 635 1428 735 1463; x_wconf 86' lang='lat' dir='ltr'><strong>non,</strong></span> <span class='ocrx_word' id='word_1_136' title='bbox 760 1427 874 1462; x_wconf 87' lang='lat' dir='ltr'><strong>eure,</strong></span> <span class='ocrx_word' id='word_1_137' title='bbox 899 1419 1010 1463; x_wconf 90' lang='lat' dir='ltr'><strong>tuos,</strong></span> <span class='ocrx_word' id='word_1_138' title='bbox 1034 1426 1167 1466; x_wconf 89' lang='lat' dir='ltr'><strong>neque</strong></span> <span class='ocrx_word' id='word_1_139' title='bbox 1191 1412 1288 1454; x_wconf 88' lang='lat' dir='ltr'><strong>solis</strong></span> <span class='ocrx_word' id='word_1_140' title='bbox 1313 1413 1366 1454; x_wconf 89' lang='lat' dir='ltr'><strong>ad</strong></span> <span class='ocrx_word' id='word_1_141' title='bbox 1387 1418 1511 1462; x_wconf 90' lang='lat' dir='ltr'><strong>ortus,</strong></span> 
     </span>
     <span class='ocr_line' id='line_1_26' title="bbox 374 1473 1530 1529; baseline -0.002 -13"><span class='ocrx_word' id='word_1_142' title='bbox 374 1475 417 1516; x_wconf 90' lang='lat' dir='ltr'><strong>in</strong></span> <span class='ocrx_word' id='word_1_143' title='bbox 439 1474 590 1516; x_wconf 86' lang='lat' dir='ltr'><strong>borean</strong></span> <span class='ocrx_word' id='word_1_144' title='bbox 613 1487 878 1527; x_wconf 88' lang='lat' dir='ltr'><strong>caurumque,</strong></span> <span class='ocrx_word' id='word_1_145' title='bbox 904 1478 974 1515; x_wconf 87' lang='lat' dir='ltr'><strong>aut</strong></span> <span class='ocrx_word' id='word_1_146' title='bbox 997 1474 1105 1514; x_wconf 89' lang='lat' dir='ltr'><strong>unde</strong></span> <span class='ocrx_word' id='word_1_147' title='bbox 1130 1473 1370 1529; x_wconf 85' lang='lat' dir='ltr'><strong>nigerrimus</strong></span> <span class='ocrx_word' id='word_1_148' title='bbox 1395 1479 1530 1514; x_wconf 88' lang='lat' dir='ltr'><strong>auster</strong></span> 
     </span>
     <span class='ocr_line' id='line_1_27' title="bbox 374 1534 1377 1590; baseline -0.001 -14"><span class='ocrx_word' id='word_1_149' title='bbox 374 1534 554 1576; x_wconf 87' lang='lat' dir='ltr'><strong>nascitur</strong></span> <span class='ocrx_word' id='word_1_150' title='bbox 576 1540 617 1575; x_wconf 88' lang='lat' dir='ltr'><strong>et</strong></span> <span class='ocrx_word' id='word_1_151' title='bbox 637 1534 776 1588; x_wconf 88' lang='lat' dir='ltr'><strong>pluvio</strong></span> <span class='ocrx_word' id='word_1_152' title='bbox 801 1534 1011 1576; x_wconf 83' lang='lat' dir='ltr'><strong>contristat</strong></span> <span class='ocrx_word' id='word_1_153' title='bbox 1033 1534 1184 1590; x_wconf 87' lang='lat' dir='ltr'><strong>frigore</strong></span> <span class='ocrx_word' id='word_1_154' title='bbox 1208 1534 1377 1575; x_wconf 88' lang='lat' dir='ltr'><strong>caelum.</strong></span> 
     </span>
     <span class='ocr_line' id='line_1_28' title="bbox 376 1595 1540 1650; baseline -0.001 -14"><span class='ocrx_word' id='word_1_155' title='bbox 376 1596 443 1636; x_wconf 91' lang='lat' dir='ltr'><strong>hic</strong></span> <span class='ocrx_word' id='word_1_156' title='bbox 466 1596 649 1645; x_wconf 91' lang='lat' dir='ltr'><strong>demum,</strong></span> <span class='ocrx_word' id='word_1_157' title='bbox 674 1595 940 1650; x_wconf 85' lang='lat' dir='ltr'><strong>hippomanes</strong></span> <span class='ocrx_word' id='word_1_158' title='bbox 964 1610 1060 1637; x_wconf 90' lang='lat' dir='ltr'><strong>vero</strong></span> <span class='ocrx_word' id='word_1_159' title='bbox 1084 1595 1195 1649; x_wconf 92' lang='lat' dir='ltr'><strong>quod</strong></span> <span class='ocrx_word' id='word_1_160' title='bbox 1216 1595 1378 1636; x_wconf 90' lang='lat' dir='ltr'><strong>nomine</strong></span> <span class='ocrx_word' id='word_1_161' title='bbox 1402 1595 1540 1636; x_wconf 87' lang='lat' dir='ltr'><strong>dicunt</strong></span> 
     </span>
     <span class='ocr_line' id='line_1_29' title="bbox 375 1655 1367 1711; baseline 0 -14"><span class='ocrx_word' id='word_1_162' title='bbox 375 1662 577 1711; x_wconf 87' lang='lat' dir='ltr'><strong>pastores,</strong></span> <span class='ocrx_word' id='word_1_163' title='bbox 602 1655 756 1697; x_wconf 86' lang='lat' dir='ltr'><strong>lentum</strong></span> <span class='ocrx_word' id='word_1_164' title='bbox 780 1656 956 1697; x_wconf 87' lang='lat' dir='ltr'><strong>destillat</strong></span> <span class='ocrx_word' id='word_1_165' title='bbox 979 1656 1030 1697; x_wconf 87' lang='lat' dir='ltr'><strong>ab</strong></span> <span class='ocrx_word' id='word_1_166' title='bbox 1054 1656 1220 1711; x_wconf 88' lang='lat' dir='ltr'><strong>inguine</strong></span> <span class='ocrx_word' id='word_1_167' title='bbox 1242 1656 1367 1705; x_wconf 79' lang='lat' dir='ltr'><strong>virus,</strong></span> 
     </span>
     <span class='ocr_line' id='line_1_30' title="bbox 375 1716 1484 1772; baseline -0.002 -14"><span class='ocrx_word' id='word_1_168' title='bbox 375 1718 661 1771; x_wconf 85' lang='lat' dir='ltr'><strong>hippomanes,</strong></span> <span class='ocrx_word' id='word_1_169' title='bbox 685 1716 795 1770; x_wconf 90' lang='lat' dir='ltr'><strong>quod</strong></span> <span class='ocrx_word' id='word_1_170' title='bbox 819 1731 941 1772; x_wconf 87' lang='lat' dir='ltr'><strong>saepe</strong></span> <span class='ocrx_word' id='word_1_171' title='bbox 963 1716 1094 1757; x_wconf 88' lang='lat' dir='ltr'><strong>malae</strong></span> <span class='ocrx_word' id='word_1_172' title='bbox 1117 1717 1252 1771; x_wconf 88' lang='lat' dir='ltr'><strong>legere</strong></span> <span class='ocrx_word' id='word_1_173' title='bbox 1274 1730 1484 1764; x_wconf 84' lang='lat' dir='ltr'><strong>novercae,</strong></span> 
     </span>
     <span class='ocr_line' id='line_1_31' title="bbox 376 1776 1391 1830; baseline -0.001 -12"><span class='ocrx_word' id='word_1_174' title='bbox 376 1778 705 1830; x_wconf 83' lang='lat' dir='ltr'><strong>miscueruntque</strong></span> <span class='ocrx_word' id='word_1_175' title='bbox 728 1777 875 1819; x_wconf 84' lang='lat' dir='ltr'><strong>herbas</strong></span> <span class='ocrx_word' id='word_1_176' title='bbox 900 1782 940 1819; x_wconf 92' lang='lat' dir='ltr'><strong>et</strong></span> <span class='ocrx_word' id='word_1_177' title='bbox 963 1792 1045 1818; x_wconf 93' lang='lat' dir='ltr'><strong>non</strong></span> <span class='ocrx_word' id='word_1_178' title='bbox 1068 1777 1233 1818; x_wconf 85' lang='lat' dir='ltr'><strong>innoxia</strong></span> <span class='ocrx_word' id='word_1_179' title='bbox 1255 1776 1391 1818; x_wconf 89' lang='lat' dir='ltr'><strong>verba.</strong></span> 
     </span>
     <span class='ocr_line' id='line_1_32' title="bbox 434 1836 1457 1893; baseline -0.001 -14"><span class='ocrx_word' id='word_1_180' title='bbox 434 1836 519 1879; x_wconf 88' lang='lat' dir='ltr'><strong>Sed</strong></span> <span class='ocrx_word' id='word_1_181' title='bbox 542 1837 647 1892; x_wconf 88' lang='lat' dir='ltr'><strong>fugit</strong></span> <span class='ocrx_word' id='word_1_182' title='bbox 670 1838 840 1887; x_wconf 90' lang='lat' dir='ltr'><strong>interea,</strong></span> <span class='ocrx_word' id='word_1_183' title='bbox 865 1837 973 1893; x_wconf 89' lang='lat' dir='ltr'><strong>fugit</strong></span> <span class='ocrx_word' id='word_1_184' title='bbox 995 1837 1261 1892; x_wconf 88' lang='lat' dir='ltr'><strong>inreparabile</strong></span> <span class='ocrx_word' id='word_1_185' title='bbox 1285 1843 1457 1892; x_wconf 89' lang='lat' dir='ltr'><strong>tempus,</strong></span> 
     </span>
     <span class='ocr_line' id='line_1_33' title="bbox 379 1898 1345 1953; baseline -0.001 -14"><span class='ocrx_word' id='word_1_186' title='bbox 379 1898 539 1953; x_wconf 86' lang='lat' dir='ltr'><strong>singula</strong></span> <span class='ocrx_word' id='word_1_187' title='bbox 562 1898 660 1938; x_wconf 90' lang='lat' dir='ltr'><strong>dum</strong></span> <span class='ocrx_word' id='word_1_188' title='bbox 684 1898 791 1952; x_wconf 86' lang='lat' dir='ltr'><strong>capti</strong></span> <span class='ocrx_word' id='word_1_189' title='bbox 815 1898 1175 1939; x_wconf 86' lang='lat' dir='ltr'><strong>circumvectamur</strong></span> <span class='ocrx_word' id='word_1_190' title='bbox 1197 1912 1345 1939; x_wconf 90' lang='lat' dir='ltr'><strong>amore.</strong></span> 
     </span>
     <span class='ocr_line' id='line_1_34' title="bbox 375 1958 1413 2014; baseline -0.001 -15"><span class='ocrx_word' id='word_1_191' title='bbox 375 1959 453 2014; x_wconf 85' lang='lat' dir='ltr'><strong>hoc</strong></span> <span class='ocrx_word' id='word_1_192' title='bbox 477 1958 574 1999; x_wconf 87' lang='lat' dir='ltr'><strong>satis</strong></span> <span class='ocrx_word' id='word_1_193' title='bbox 599 1958 802 1999; x_wconf 87' lang='lat' dir='ltr'><strong>armentis.</strong></span> <span class='ocrx_word' id='word_1_194' title='bbox 829 1964 993 2013; x_wconf 85' lang='lat' dir='ltr'><strong>superat</strong></span> <span class='ocrx_word' id='word_1_195' title='bbox 1014 1973 1108 2012; x_wconf 87' lang='lat' dir='ltr'><strong>pars</strong></span> <span class='ocrx_word' id='word_1_196' title='bbox 1134 1958 1258 1999; x_wconf 86' lang='lat' dir='ltr'><strong>altera</strong></span> <span class='ocrx_word' id='word_1_197' title='bbox 1282 1972 1413 2006; x_wconf 86' lang='lat' dir='ltr'><strong>curae,</strong></span> 
     </span>
     <span class='ocr_line' id='line_1_35' title="bbox 376 2018 1368 2074; baseline -0.001 -15"><span class='ocrx_word' id='word_1_198' title='bbox 376 2018 578 2074; x_wconf 86' lang='lat' dir='ltr'><strong>lanigeros</strong></span> <span class='ocrx_word' id='word_1_199' title='bbox 603 2018 756 2073; x_wconf 85' lang='lat' dir='ltr'><strong>agitare</strong></span> <span class='ocrx_word' id='word_1_200' title='bbox 779 2033 926 2074; x_wconf 87' lang='lat' dir='ltr'><strong>greges</strong></span> <span class='ocrx_word' id='word_1_201' title='bbox 949 2019 1156 2072; x_wconf 84' lang='lat' dir='ltr'><strong>hirtasque</strong></span> <span class='ocrx_word' id='word_1_202' title='bbox 1181 2018 1368 2072; x_wconf 87' lang='lat' dir='ltr'><strong>capellas.</strong></span> 
     </span>
     <span class='ocr_line' id='line_1_36' title="bbox 376 2078 1396 2134; baseline -0.002 -14"><span class='ocrx_word' id='word_1_203' title='bbox 376 2079 443 2120; x_wconf 91' lang='lat' dir='ltr'><strong>hic</strong></span> <span class='ocrx_word' id='word_1_204' title='bbox 464 2078 595 2128; x_wconf 91' lang='lat' dir='ltr'><strong>labor,</strong></span> <span class='ocrx_word' id='word_1_205' title='bbox 619 2078 714 2120; x_wconf 90' lang='lat' dir='ltr'><strong>hinc</strong></span> <span class='ocrx_word' id='word_1_206' title='bbox 736 2079 899 2120; x_wconf 88' lang='lat' dir='ltr'><strong>laudem</strong></span> <span class='ocrx_word' id='word_1_207' title='bbox 921 2078 1046 2121; x_wconf 78' lang='lat' dir='ltr'><strong>fortes</strong></span> <span class='ocrx_word' id='word_1_208' title='bbox 1072 2089 1229 2134; x_wconf 87' lang='lat' dir='ltr'><strong>sperate</strong></span> <span class='ocrx_word' id='word_1_209' title='bbox 1253 2078 1396 2119; x_wconf 90' lang='lat' dir='ltr'><strong>coloni.</strong></span> 
     </span>
     <span class='ocr_line' id='line_1_37' title="bbox 376 2139 1536 2193; baseline -0.002 -13"><span class='ocrx_word' id='word_1_210' title='bbox 376 2154 453 2182; x_wconf 89' lang='lat' dir='ltr'><strong>nec</strong></span> <span class='ocrx_word' id='word_1_211' title='bbox 476 2155 567 2181; x_wconf 88' lang='lat' dir='ltr'><strong>sum</strong></span> <span class='ocrx_word' id='word_1_212' title='bbox 591 2139 713 2180; x_wconf 89' lang='lat' dir='ltr'><strong>animi</strong></span> <span class='ocrx_word' id='word_1_213' title='bbox 737 2140 902 2189; x_wconf 88' lang='lat' dir='ltr'><strong>dubius,</strong></span> <span class='ocrx_word' id='word_1_214' title='bbox 927 2139 1061 2180; x_wconf 87' lang='lat' dir='ltr'><strong>verbis</strong></span> <span class='ocrx_word' id='word_1_215' title='bbox 1087 2153 1135 2180; x_wconf 88' lang='lat' dir='ltr'><strong>ea</strong></span> <span class='ocrx_word' id='word_1_216' title='bbox 1157 2139 1318 2179; x_wconf 88' lang='lat' dir='ltr'><strong>vincere</strong></span> <span class='ocrx_word' id='word_1_217' title='bbox 1341 2153 1536 2193; x_wconf 87' lang='lat' dir='ltr'><strong>magnum</strong></span> 
     </span>
     <span class='ocr_line' id='line_1_38' title="bbox 378 2198 1524 2255; baseline -0.003 -13"><span class='ocrx_word' id='word_1_218' title='bbox 378 2215 501 2255; x_wconf 90' lang='lat' dir='ltr'><strong>quam</strong></span> <span class='ocrx_word' id='word_1_219' title='bbox 525 2200 577 2241; x_wconf 87' lang='lat' dir='ltr'><strong>sit</strong></span> <span class='ocrx_word' id='word_1_220' title='bbox 599 2212 639 2241; x_wconf 90' lang='lat' dir='ltr'><strong>et</strong></span> <span class='ocrx_word' id='word_1_221' title='bbox 662 2200 846 2255; x_wconf 84' lang='lat' dir='ltr'><strong>angustis</strong></span> <span class='ocrx_word' id='word_1_222' title='bbox 871 2200 978 2241; x_wconf 88' lang='lat' dir='ltr'><strong>hunc</strong></span> <span class='ocrx_word' id='word_1_223' title='bbox 1003 2200 1150 2241; x_wconf 82' lang='lat' dir='ltr'><strong>addere</strong></span> <span class='ocrx_word' id='word_1_224' title='bbox 1173 2199 1295 2240; x_wconf 88' lang='lat' dir='ltr'><strong>rebus</strong></span> <span class='ocrx_word' id='word_1_225' title='bbox 1318 2198 1524 2240; x_wconf 86' lang='lat' dir='ltr'><strong>honorem.</strong></span> 
     </span>
     <span class='ocr_line' id='line_1_39' title="bbox 378 2259 1315 2314; baseline -0.003 -11"><span class='ocrx_word' id='word_1_226' title='bbox 378 2261 451 2303; x_wconf 87' lang='lat' dir='ltr'><strong>sed</strong></span> <span class='ocrx_word' id='word_1_227' title='bbox 473 2274 539 2301; x_wconf 88' lang='lat' dir='ltr'><strong>me</strong></span> <span class='ocrx_word' id='word_1_228' title='bbox 561 2260 734 2301; x_wconf 85' lang='lat' dir='ltr'><strong>Parnasi</strong></span> <span class='ocrx_word' id='word_1_229' title='bbox 757 2261 918 2301; x_wconf 87' lang='lat' dir='ltr'><strong>deserta</strong></span> <span class='ocrx_word' id='word_1_230' title='bbox 940 2274 1013 2314; x_wconf 88' lang='lat' dir='ltr'><strong>per</strong></span> <span class='ocrx_word' id='word_1_231' title='bbox 1036 2260 1163 2300; x_wconf 87' lang='lat' dir='ltr'><strong>ardua</strong></span> <span class='ocrx_word' id='word_1_232' title='bbox 1186 2259 1315 2301; x_wconf 85' lang='lat' dir='ltr'><strong>dulcis</strong></span> 
     </span>
     <span class='ocr_line' id='line_1_40' title="bbox 377 2320 1464 2378; baseline -0.004 -15"><span class='ocrx_word' id='word_1_233' title='bbox 377 2328 510 2378; x_wconf 85' lang='lat' dir='ltr'><strong>raptat</strong></span> <span class='ocrx_word' id='word_1_234' title='bbox 533 2337 656 2363; x_wconf 88' lang='lat' dir='ltr'><strong>amor.</strong></span> <span class='ocrx_word' id='word_1_235' title='bbox 682 2322 794 2363; x_wconf 85' lang='lat' dir='ltr'><strong>iuvat</strong></span> <span class='ocrx_word' id='word_1_236' title='bbox 816 2322 874 2363; x_wconf 88' lang='lat' dir='ltr'><strong>ire</strong></span> <span class='ocrx_word' id='word_1_237' title='bbox 898 2322 1024 2377; x_wconf 86' lang='lat' dir='ltr'><strong>iugis,</strong></span> <span class='ocrx_word' id='word_1_238' title='bbox 1050 2335 1131 2374; x_wconf 90' lang='lat' dir='ltr'><strong>qua</strong></span> <span class='ocrx_word' id='word_1_239' title='bbox 1153 2320 1264 2362; x_wconf 85' lang='lat' dir='ltr'><strong>nulla</strong></span> <span class='ocrx_word' id='word_1_240' title='bbox 1285 2320 1464 2375; x_wconf 88' lang='lat' dir='ltr'><strong>priorum</strong></span> 
     </span>
     <span class='ocr_line' id='line_1_41' title="bbox 380 2381 1274 2425; baseline -0.003 0"><span class='ocrx_word' id='word_1_241' title='bbox 380 2383 601 2425; x_wconf 88' lang='lat' dir='ltr'><strong>Castaliam</strong></span> <span class='ocrx_word' id='word_1_242' title='bbox 625 2383 737 2424; x_wconf 91' lang='lat' dir='ltr'><strong>molli</strong></span> <span class='ocrx_word' id='word_1_243' title='bbox 760 2383 981 2424; x_wconf 87' lang='lat' dir='ltr'><strong>devertitur</strong></span> <span class='ocrx_word' id='word_1_244' title='bbox 1004 2382 1134 2424; x_wconf 85' lang='lat' dir='ltr'><strong>orbita</strong></span> <span class='ocrx_word' id='word_1_245' title='bbox 1157 2381 1274 2423; x_wconf 90' lang='lat' dir='ltr'><strong>clivo.</strong></span> 
     </span>
     <span class='ocr_line' id='line_1_42' title="bbox 378 2442 1583 2499; baseline -0.004 -14"><span class='ocrx_word' id='word_1_246' title='bbox 378 2459 503 2494; x_wconf 88' lang='lat' dir='ltr'><strong>nunc,</strong></span> <span class='ocrx_word' id='word_1_247' title='bbox 528 2445 760 2485; x_wconf 89' lang='lat' dir='ltr'><strong>veneranda</strong></span> <span class='ocrx_word' id='word_1_248' title='bbox 783 2444 924 2493; x_wconf 89' lang='lat' dir='ltr'><strong>Pales,</strong></span> <span class='ocrx_word' id='word_1_249' title='bbox 949 2458 1098 2499; x_wconf 89' lang='lat' dir='ltr'><strong>magno</strong></span> <span class='ocrx_word' id='word_1_250' title='bbox 1122 2457 1230 2484; x_wconf 87' lang='lat' dir='ltr'><strong>nunc</strong></span> <span class='ocrx_word' id='word_1_251' title='bbox 1254 2456 1323 2484; x_wconf 89' lang='lat' dir='ltr'><strong>ore</strong></span> <span class='ocrx_word' id='word_1_252' title='bbox 1347 2442 1583 2483; x_wconf 86' lang='lat' dir='ltr'><strong>sonandum.</strong></span> 
     </span>
     <span class='ocr_line' id='line_1_43' title="bbox 433 2502 1443 2559; baseline -0.004 -13"><span class='ocrx_word' id='word_1_253' title='bbox 433 2505 637 2559; x_wconf 77' lang='lat' dir='ltr'><strong>Incipiens</strong></span> <span class='ocrx_word' id='word_1_254' title='bbox 664 2504 833 2546; x_wconf 89' lang='lat' dir='ltr'><strong>stabulis</strong></span> <span class='ocrx_word' id='word_1_255' title='bbox 858 2504 971 2546; x_wconf 89' lang='lat' dir='ltr'><strong>edico</strong></span> <span class='ocrx_word' id='word_1_256' title='bbox 995 2505 1039 2545; x_wconf 91' lang='lat' dir='ltr'><strong>in</strong></span> <span class='ocrx_word' id='word_1_257' title='bbox 1062 2504 1251 2545; x_wconf 88' lang='lat' dir='ltr'><strong>mollibus</strong></span> <span class='ocrx_word' id='word_1_258' title='bbox 1276 2502 1443 2544; x_wconf 88' lang='lat' dir='ltr'><strong>herbam</strong></span> 
     </span>
     <span class='ocr_line' id='line_1_44' title="bbox 379 2563 1523 2619; baseline -0.003 -13"><span class='ocrx_word' id='word_1_259' title='bbox 379 2579 542 2619; x_wconf 90' lang='lat' dir='ltr'><strong>carpere</strong></span> <span class='ocrx_word' id='word_1_260' title='bbox 566 2565 671 2615; x_wconf 85' lang='lat' dir='ltr'><strong>ovis,</strong></span> <span class='ocrx_word' id='word_1_261' title='bbox 696 2565 795 2606; x_wconf 91' lang='lat' dir='ltr'><strong>dum</strong></span> <span class='ocrx_word' id='word_1_262' title='bbox 817 2580 914 2607; x_wconf 86' lang='lat' dir='ltr'><strong>mox</strong></span> <span class='ocrx_word' id='word_1_263' title='bbox 936 2565 1130 2606; x_wconf 88' lang='lat' dir='ltr'><strong>frondosa</strong></span> <span class='ocrx_word' id='word_1_264' title='bbox 1151 2563 1355 2605; x_wconf 86' lang='lat' dir='ltr'><strong>reducitur</strong></span> <span class='ocrx_word' id='word_1_265' title='bbox 1377 2567 1523 2611; x_wconf 85' lang='lat' dir='ltr'><strong>aestas,</strong></span> 
     </span>
     <span class='ocr_line' id='line_1_45' title="bbox 380 2623 1368 2680; baseline -0.003 -15"><span class='ocrx_word' id='word_1_266' title='bbox 380 2630 419 2665; x_wconf 89' lang='lat' dir='ltr'><strong>et</strong></span> <span class='ocrx_word' id='word_1_267' title='bbox 441 2625 569 2666; x_wconf 84' lang='lat' dir='ltr'><strong>multa</strong></span> <span class='ocrx_word' id='word_1_268' title='bbox 591 2626 733 2666; x_wconf 89' lang='lat' dir='ltr'><strong>duram</strong></span> <span class='ocrx_word' id='word_1_269' title='bbox 758 2626 905 2680; x_wconf 87' lang='lat' dir='ltr'><strong>stipula</strong></span> <span class='ocrx_word' id='word_1_270' title='bbox 929 2625 1159 2678; x_wconf 90' lang='lat' dir='ltr'><strong>filicumque</strong></span> <span class='ocrx_word' id='word_1_271' title='bbox 1183 2623 1368 2676; x_wconf 86' lang='lat' dir='ltr'><strong>maniplis</strong></span> 
     </span>
     <span class='ocr_line' id='line_1_46' title="bbox 381 2682 1508 2740; baseline -0.002 -15"><span class='ocrx_word' id='word_1_272' title='bbox 381 2691 557 2725; x_wconf 88' lang='lat' dir='ltr'><strong>sternere</strong></span> <span class='ocrx_word' id='word_1_273' title='bbox 582 2685 720 2726; x_wconf 90' lang='lat' dir='ltr'><strong>subter</strong></span> <span class='ocrx_word' id='word_1_274' title='bbox 743 2686 930 2735; x_wconf 89' lang='lat' dir='ltr'><strong>humum,</strong></span> <span class='ocrx_word' id='word_1_275' title='bbox 955 2685 1106 2740; x_wconf 89' lang='lat' dir='ltr'><strong>glacies</strong></span> <span class='ocrx_word' id='word_1_276' title='bbox 1130 2699 1181 2725; x_wconf 91' lang='lat' dir='ltr'><strong>ne</strong></span> <span class='ocrx_word' id='word_1_277' title='bbox 1204 2683 1352 2738; x_wconf 86' lang='lat' dir='ltr'><strong>frigida</strong></span> <span class='ocrx_word' id='word_1_278' title='bbox 1375 2682 1508 2723; x_wconf 83' lang='lat' dir='ltr'><strong>laedat</strong></span> 
     </span>
    </p>
   </div>
  </div>
 </body>
</html>
