1800 3106
613 283 873 323 AENEIDOS
889 285 989 321 LIB.
1005 285 1055 321 X.
1433 279 1517 321 279

149 391 427 434 contulerant:
452 390 591 432 media
614 388 785 432 Aeneas
809 389 917 432 freta
938 396 1060 432 nocte
1084 389 1264 432 secabat.

148 468 347 509 namque,
372 459 418 495 ut
441 453 495 496 ab
518 453 719 495 Euandro
743 452 889 495 castris
912 452 1128 510 ingressus
1151 452 1356 505 Etruscis,

148 531 291 572 regem
316 516 403 558 adit
426 521 467 557 et
488 515 580 572 regi
602 521 805 557 memorat
827 529 1063 570 nomenque
1086 530 1316 572 genusque,

148 579 331 633 quidque
354 583 487 634 petat,
513 578 695 632 quidque
718 577 810 633 ipse
833 577 959 628 ferat,
984 577 1223 620 Mezentius
1247 594 1365 621 arma
1545 595 1610 626 150

147 655 256 695 quae
281 640 362 683 sibi
386 640 596 690 conciliet,
621 640 884 694 violentaque
907 646 1077 696 pectora
1100 640 1233 683 Turni

148 703 312 754 edocet,
338 702 531 745 humanis
556 717 664 757 quae
689 703 743 746 sit
764 702 918 744 fiducia
940 701 1066 745 rebus

148 767 361 818 admonet,
386 767 659 821 inmiseetque
681 778 840 822 preces.
864 765 979 807 haud
1001 766 1048 807 fit
1070 782 1206 810 mora:
1232 768 1427 811 Tarchon

147 829 283 885 iungit
306 843 426 885 opes,
451 828 683 882 foedusque
706 828 820 878 ferit3
845 833 934 869 tum
956 827 1088 870 libera
1111 829 1188 871 fati

148 890 325 932 classem
349 890 589 933 conscendit
610 889 736 932 iussis
759 904 865 946 gens
888 890 1032 945 Lydia
1055 891 1208 943 divom,
1546 909 1608 939 155

147 959 318 995 externo
341 952 565 994 commissa
587 952 696 993 duci.
720 950 885 993 Aeneia
907 953 1060 1008 puppis

146 1014 280 1070 prima
303 1020 432 1065 tenet,
457 1020 591 1056 rostro
614 1013 825 1069 Phrygios
850 1013 1072 1056 subiuncta
1094 1014 1258 1066 leones3

146 1076 319 1118 inminet
340 1077 419 1119 Ida
442 1091 585 1132 super,
610 1076 801 1132 profugis
823 1076 1064 1132 gratissima
1087 1077 1275 1120 Teucris.

145 1138 214 1180 hie
236 1154 414 1196 magnus
439 1139 557 1181 sedet
579 1137 769 1188 Aeneas,
795 1152 1020 1193 secumque
1044 1139 1204 1181 volutat

147 1207 320 1243 eventus
344 1201 443 1244 belli
465 1201 621 1251 varios,
645 1200 872 1255 Pallasque
897 1201 1065 1243 sinistro
1546 1220 1609 1249 160

147 1262 310 1306 adfixus
332 1263 452 1305 lateri
473 1263 558 1305 iam
581 1263 742 1318 quaerit
765 1263 920 1314 sidera,
946 1278 1101 1319 opacae

147 1327 279 1370 noctis
305 1326 401 1376 iter,
425 1326 510 1367 iam
532 1340 640 1379 quae
662 1340 814 1381 passus
838 1331 1029 1381 terraque
1052 1328 1252 1382 marique.

202 1388 381 1430 Pandite
404 1401 514 1429 nunc
538 1387 763 1438 Helicona,
789 1388 910 1438 deae,
937 1394 1167 1443 cantusque
1190 1397 1367 1441 movete,

147 1465 254 1505 quae
277 1464 426 1492 manus
449 1449 607 1491 interea
630 1449 782 1491 Tuscis
807 1450 1025 1491 comitetur
1048 1450 1100 1492 ab
1125 1451 1208 1493 oris

146 1513 341 1564 Aenean,
367 1518 580 1566 armetque
602 1518 732 1562 rates,
757 1513 991 1569 pelagoque
1015 1513 1202 1555 vehatur.
1546 1531 1607 1560 ως,

201 1575 414 1618 Massicus
439 1580 579 1616 aerata
600 1574 794 1630 princeps
819 1581 933 1617 secat
956 1590 1138 1629 aequora
1162 1576 1270 1632 tigri,

148 1637 226 1680 sub
250 1652 334 1692 quo
357 1636 470 1678 mille
494 1651 642 1679 manus
666 1637 882 1687 iuvenum,
909 1637 981 1691 qui
1003 1638 1168 1679 moenia
1193 1638 1324 1688 Clusi,

147 1701 300 1755 quique
323 1699 471 1742 urbem
493 1699 650 1753 liquere
677 1698 831 1750 Cosas,
857 1700 950 1754 quis
975 1700 1058 1742 tela
1082 1701 1258 1756 sagittae

147 1762 366 1818 gorytique
402 1761 518 1803 leves
541 1761 725 1804 humeris
751 1768 792 1804 et
814 1762 951 1804 letifer
974 1777 1108 1804 arcus.

146 1839 231 1866 una.
253 1830 397 1866 torvus
420 1822 540 1866 Abas
548 1840 560 1874 ;
585 1824 682 1865 huie
706 1830 839 1866 totum
862 1824 1096 1880 insignibus
1121 1824 1245 1866 armis
1543 1839 1607 1869 170

146 1900 299 1942 agmen
322 1891 363 1927 et
385 1891 529 1927 aurato
552 1885 742 1942 fulgebat
763 1885 962 1941 Apolline
984 1887 1150 1942 puppis.

147 1953 365 2004 sexcentos
389 1947 451 1989 illi
473 1947 644 1989 dederat
665 1947 901 2004 Populonia
922 1954 1055 1990 mater

146 2015 337 2065 expertos
361 2008 460 2051 belli
482 2010 672 2060 iuvenes,
698 2017 763 2053 ast
786 2011 879 2053 Ilva
902 2016 1120 2059 trecentos,

145 2071 282 2114 insula
303 2071 561 2114 inexhaustis
588 2071 827 2128 Chalybum
850 2087 1054 2129 generosa
1075 2071 1267 2112 metallis.

146 2134 309 2184 tertius,
334 2134 403 2176 ille
426 2134 642 2176 hominum
667 2135 891 2190 divomque
914 2135 1115 2188 interpres
1138 2131 1298 2183 Asilas,
1542 2149 1604 2179 115,

146 2195 214 2237 cui
235 2196 444 2251 pecudum
466 2196 614 2247 fibrae,
641 2198 746 2239 caeli
769 2197 836 2239 cui
861 2197 996 2238 sidera
1017 2200 1166 2248 parent

146 2263 187 2299 et
209 2257 377 2313 linguae
400 2258 616 2300 volucrum
640 2265 682 2300 et
702 2258 893 2313 praesagi
917 2256 1103 2297 fulminis
1126 2256 1260 2311 igneS,

145 2318 258 2360 mille
280 2319 389 2374 rapit
411 2320 564 2362 densos
587 2320 676 2361 acie
700 2325 822 2373 atque
845 2317 1106 2359 horrentibus
1131 2318 1274 2359 hastis.

146 2381 223 2423 hos
246 2395 392 2436 parere
414 2381 559 2423 iubent
581 2381 748 2436 Alphea
770 2379 823 2421 ab
848 2379 1006 2434 origine
1028 2379 1168 2428 Pisae,

148 2442 246 2485 urbs
269 2443 452 2486 Etrusca
475 2444 576 2485 solo.
602 2442 788 2495 sequitur
809 2441 1112 2496 pulcherrimus
1135 2441 1282 2496 Astyr,
1539 2455 1602 2486 180

146 2504 280 2561 Astyr
303 2520 411 2560 equo
434 2506 566 2547 fidens
591 2509 632 2545 et
658 2502 973 2545 versicoloribus
998 2503 1137 2545 armis.

147 2573 209 2609 ter
232 2573 398 2610 centum
422 2567 621 2616 adiciunt,
649 2590 704 2596 —
727 2579 846 2607 mens
871 2564 1063 2607 omnibus
1087 2581 1172 2607 una
1195 2565 1396 2620 sequendi
1421 2590 1475 2596 --

146 2628 218 2683 qui
244 2628 420 2672 Caerete
443 2629 584 2678 domo,
609 2627 682 2682 qui
706 2634 802 2670 sunt
824 2627 1027 2669 Minionis
1050 2627 1095 2669 in
1117 2628 1241 2678 arvis,

147 2697 188 2732 et
209 2691 342 2748 Pyrgi
364 2697 524 2734 veteres
548 2691 904 2745 intempestaeque
930 2687 1170 2732 Graviscae.

202 2752 296 2795 Non
320 2768 398 2810 ego
423 2758 480 2804 te,
504 2753 716 2809 Ligurum
739 2752 885 2794 ductor
908 2751 1133 2795 fortissime
1157 2751 1278 2802 bello,
1534 2767 1596 2796 isa
