1780 3074
533 325 832 365 GEORGICON
851 325 950 362 LlB.
970 326 1034 363 IV.
1409 318 1465 360 83

97 434 312 491 deprensis
337 433 436 476 olim
462 433 584 475 statio
609 431 818 474 tutissima
840 431 996 482 nautis3

95 499 207 541 intus
233 512 278 540 se
302 497 411 539 vasti
435 495 614 538 Proteus
639 494 743 551 tegit
767 494 884 537 obice
911 494 1013 536 saxi.

96 560 164 602 hic
187 560 381 602 iuvenem
405 559 449 600 in
471 557 641 600 latebris
667 572 861 599 aversum
885 572 911 599 a
934 556 1091 599 lumine
1114 555 1311 613 Nympha

97 622 289 673 collocat3
313 621 406 677 ipsa
430 620 574 677 procul
597 619 761 662 nebulis
787 619 966 662 obscura
988 619 1156 661 resistit.

96 686 179 727 iam
203 684 372 740 rapidus
398 690 557 725 torrens
583 682 760 724 sitientis
787 681 923 724 Sirius
947 682 1078 725 Indos

96 746 286 797 ardebat,
313 745 428 788 caelo
452 751 494 787 et
516 744 701 786 medium
725 744 787 786 sol
810 744 960 800 igneus
985 745 1129 787 orbem

97 810 312 859 hauserat3
337 807 510 850 arebant
533 806 687 848 herbae
712 812 754 848 et
778 821 883 848 cava
905 807 1079 849 flumina
1104 808 1225 849 siccis

96 871 287 914 faucibus
313 870 367 911 ad
390 869 536 911 limum
559 867 666 910 radii
689 867 899 924 tepefacta
923 869 1172 923 coquebant,

97 949 192 975 cum
216 932 393 975 Proteus
419 937 621 973 consueta
643 936 790 986 petens
816 945 840 972 e
862 931 1059 973 fluctibus
1085 939 1204 973 antra

96 995 201 1046 ibat3
232 1009 328 1036 eum
351 993 461 1035 vasti
485 993 641 1035 circum
664 1007 769 1049 gens
795 992 967 1035 humida
989 993 1106 1049 ponti

96 1056 308 1100 exsultans
332 1070 468 1098 rorem
491 1055 574 1097 late
598 1055 802 1112 dispergit
825 1070 1025 1101 amarum.

42 1145 48 1151 ·
97 1125 283 1162 sternunt
307 1133 353 1161 se
378 1132 524 1160 somno
549 1117 739 1160 diversae
762 1118 807 1159 in
829 1117 947 1159 litore
971 1117 1144 1173 phocae.

94 1183 204 1238 ipse,
229 1181 344 1224 velut
368 1180 520 1223 stabuli
544 1186 686 1222 custos
710 1180 755 1222 in
778 1179 990 1222 montibus
1016 1180 1127 1230 olim,

95 1259 245 1300 vesper
266 1243 340 1286 ubi
364 1257 387 1285 e
410 1248 536 1299 pastu
558 1241 712 1284 vitulos
738 1242 792 1284 ad
816 1247 925 1284 tecta
949 1242 1122 1293 reducit,

96 1306 331 1361 auditisque
353 1305 474 1361 lupos
500 1311 655 1347 acuunt
678 1303 888 1347 balatibus
914 1305 1025 1362 agni,

96 1368 272 1411 considit
298 1367 468 1425 scopulo
492 1367 655 1409 medius
679 1381 982 1422 numerumque
1006 1374 1208 1410 recenset.

97 1432 215 1473 cuius
239 1429 436 1472 Aristaeo
461 1429 659 1484 quoniam
684 1435 748 1471 est
773 1429 912 1471 oblata
936 1429 1128 1481 facultas,

96 1494 167 1536 vix
191 1493 360 1535 defessa
384 1507 527 1534 senem
551 1506 702 1547 passus
728 1506 964 1547 conponere
988 1492 1190 1543 membra,

97 1571 193 1598 cum
217 1555 396 1598 clamore
419 1554 502 1596 ruit
525 1569 678 1610 magno
703 1554 959 1609 manicisque
983 1554 1188 1596 iacentem

97 1624 286 1673 occupat.
311 1617 380 1658 ille
405 1631 506 1658 suae
531 1623 674 1658 contra
696 1631 782 1658 non
805 1616 1010 1659 inmemor
1033 1617 1132 1660 artis

100 1680 236 1723 omnia
259 1678 527 1721 transformat
552 1693 644 1720 sese
668 1678 713 1720 in
736 1678 938 1720 miracula
965 1694 1117 1730 rerum,

97 1744 321 1799 ignemque
346 1740 668 1794 horribilemque
692 1740 825 1782 feram
848 1740 1107 1796 fluviumque
1131 1741 1374 1796 liquentem.

97 1820 242 1847 verum
266 1804 339 1846 ubi
362 1803 478 1845 nulla
501 1803 647 1859 fugam
670 1803 823 1859 reperit
846 1803 1031 1854 fallacia,
1057 1803 1193 1846 victus

97 1869 140 1910 in
165 1882 257 1910 sese
281 1867 387 1909 redit
411 1873 535 1920 atque
560 1866 739 1908 hominis
765 1866 933 1907 tandem
956 1880 1027 1908 ore
1050 1866 1234 1909 locutus:

100 1946 223 1982 „nam
247 1929 340 1984 quis
366 1935 425 1979 te,
451 1929 651 1970 iuvenum
675 1927 1046 1979 confidentissime,
1072 1935 1238 1971 nostras

98 1992 219 2035 iussit
243 1992 357 2033 adire
382 1991 555 2032 domos?
578 1990 731 2045 quidve
755 1990 853 2032 hinc
876 1990 1041 2046 petis?“
1067 1991 1213 2046 inquit.
1241 1998 1283 2033 at
1306 1991 1394 2033 ille:

102 2055 229 2107 „scis,
254 2054 429 2104 Proteu,
457 2053 539 2096 scis
564 2053 674 2109 ipse:
699 2068 836 2108 neque
861 2059 926 2095 est
949 2059 990 2095 te
1014 2053 1159 2096 fallere
1183 2054 1428 2109 quicquam3

101 2119 175 2160 sed
198 2124 244 2160 tu
267 2118 411 2160 desine
435 2117 554 2159 velle.
582 2118 707 2161 deum
730 2123 954 2173 praecepta
978 2117 1110 2160 secuti

99 2183 288 2224 venimus
312 2182 410 2224 hinc
433 2181 561 2237 lapsis
587 2182 822 2236 quaesitum
846 2181 1014 2223 oracula
1035 2181 1204 2223 rebus.“

100 2251 260 2286 tantum
284 2244 447 2286 effatus.
473 2245 527 2286 ad
551 2244 655 2286 haec
678 2250 796 2286 vates
821 2244 864 2285 vi
888 2244 1068 2298 denique
1091 2243 1224 2286 multa

101 2307 281 2349 ardentis
307 2306 448 2348 oculos
473 2306 636 2348 intorsit
658 2306 815 2348 lumine
839 2306 1005 2362 glauco,

102 2377 142 2411 et
165 2369 348 2425 graviter
370 2368 567 2410 frendens
594 2368 654 2410 sic
677 2368 775 2410 fatis
801 2383 874 2410 ora
895 2367 1080 2410 resolvit.

161 2431 282 2483 „Non
306 2438 346 2472 te
370 2430 523 2472 nullius
549 2437 742 2471 exercent
765 2430 947 2471 numinis
971 2430 1069 2471 irae.

103 2509 255 2550 magna
278 2493 358 2534 luis
385 2492 627 2534 commissa:
652 2491 728 2533 tibi
750 2491 827 2533 has
853 2491 1100 2533 miserabilis
1128 2489 1326 2546 Orpheus

105 2554 215 2597 haud
239 2569 449 2610 quaquam
473 2553 527 2596 ob
552 2553 745 2595 meritum
767 2567 944 2609 poenas,
969 2553 1012 2594 ni
1036 2552 1124 2594 fata
1146 2553 1354 2602 resistant,

107 2618 278 2659 suscitat
302 2624 343 2659 et
364 2623 485 2672 rapta
508 2616 690 2673 graviter
713 2631 788 2671 pro
813 2616 991 2672 coniuge
1017 2615 1161 2658 saevit.

107 2678 176 2720 illa
198 2680 384 2734 quidem,
411 2679 511 2721 dum
535 2686 576 2720 te
600 2678 764 2735 fugeret
787 2693 862 2733 per
885 2677 1057 2719 flumina
1078 2687 1292 2733 praeceps,

108 2740 314 2784 inmanem
338 2748 433 2784 ante
456 2742 586 2797 pedes
611 2741 790 2797 hydrum
814 2741 1013 2782 moritura
1035 2740 1175 2796 puella

112 2810 339 2845 servantem
363 2804 474 2860 ripas
500 2804 583 2846 alta
606 2818 689 2845 non
713 2803 816 2844 vidit
840 2803 882 2844 in
906 2802 1047 2845 herba.

1188 2873 1242 2912 6*

1489 444 1556 475 420

1491 759 1558 788 425

1492 1069 1559 1100 430

1493 1382 1559 1412 435

1493 1694 1560 1723 440

1494 2005 1560 2035 445

1495 2317 1562 2348 450

1495 2629 1562 2659 455
