1794 3048
329 612 392 641 490

327 916 391 944 495

328 1219 393 1249 500

422 308 502 349 180
644 368 648 372 .
820 315 862 348 P.
881 314 1111 349 VERGILII
1130 314 1302 351 MARON
1308 315 1353 349 IS

417 416 651 471 ingentique
679 429 804 455 manu
826 414 980 455 malum
1002 414 1054 455 de
1076 428 1181 455 nave
1207 413 1361 456 Seresti

418 477 535 530 erigit
557 482 598 516 et
620 475 827 516 volucrem
850 474 1017 516 traiecto
1040 475 1083 516 in
1106 475 1204 516 fune
1228 475 1471 526 columbam,

417 551 497 588 quo
521 536 688 576 tendant
710 535 881 585 ferrum,
906 535 1013 576 malo
1038 536 1250 590 suspendit
1273 535 1325 576 ab
1349 535 1442 577 alto.

417 613 642 639 convenere
666 598 760 647 viri,
787 597 1066 650 deiectamque
1090 611 1210 638 aerea
1233 602 1384 638 sortem

417 659 573 713 accepit
596 658 735 713 galea3
761 664 801 699 et
823 658 979 712 primus
1004 658 1179 699 clamore
1204 658 1384 699 secundo

415 720 667 775 Hyrtacidae
691 725 784 760 ante
808 719 939 760 omnis
965 719 1049 760 exit
1070 718 1184 760 locus
1208 718 1527 773 Hippocoontis;

415 795 539 833 quem
562 781 683 822 modo
707 780 841 821 navali
864 779 1107 821 Mnestheus
1133 779 1350 820 certamine
1373 779 1502 820 victor

416 841 696 894 consequitur,
722 841 842 881 viridi
864 840 1109 882 Mnestheus
1134 840 1318 881 evinctus
1342 840 1461 881 oliva.

416 902 557 942 tertius
581 902 803 956 Eurytion,
828 907 941 951 tuus,
968 916 992 942 o
1017 901 1259 950 clarissime,
1283 900 1420 950 frater,

415 963 621 1012 Pandare,
647 964 718 1016 qui
741 963 947 1017 quondam
968 963 1106 1004 iussus
1131 962 1380 1003 confundere
1404 961 1550 1003 foedus

414 1024 458 1064 in
481 1024 636 1065 medios
661 1024 788 1064 telum
811 1024 964 1065 torsisti
986 1024 1142 1078 primus
1165 1022 1364 1064 Achivos.

416 1091 621 1126 extremus
645 1085 844 1139 galeaque
868 1085 951 1125 ima
974 1084 1159 1125 subsedit
1181 1083 1371 1133 Acestes,

416 1160 541 1186 ausus
566 1151 606 1186 ct
627 1145 717 1199 ipse
741 1160 865 1185 manu
887 1145 1084 1186 iuvenum
1106 1150 1303 1199 temptare
1325 1144 1518 1186 laborem.

417 1211 504 1246 tum
526 1205 672 1247 validis
696 1205 824 1246 flexos
848 1206 1063 1246 incurvant
1084 1205 1239 1246 viribus
1263 1219 1382 1246 arcus

414 1280 490 1321 pro
515 1281 559 1308 se
582 1266 755 1320 quisque
779 1266 856 1307 viri
879 1272 920 1307 et
942 1266 1185 1320 depromunt
1208 1266 1289 1307 tela
1310 1266 1522 1320 pharetris.

417 1327 628 1380 primaque
651 1341 725 1381 per
749 1326 907 1367 caelum
929 1341 1055 1368 nervo
1081 1326 1274 1368 stridente
1298 1326 1447 1382 sagitta

361 1390 364 1393 ’
416 1388 668 1442 Hyrtacidae
691 1388 850 1429 iuvenis
874 1388 1051 1429 volucris
1076 1388 1305 1430 diverberat
1328 1404 1468 1438 auras3

328 1522 392 1552 505

328 1825 393 1856 510

330 2127 392 2157 515

330 2431 394 2462 520

330 2735 394 2766 525

418 1455 457 1490 et
480 1449 609 1497 venit,
634 1449 877 1502 adversique
900 1449 1082 1504 infigitur
1104 1449 1246 1491 arbore
1270 1449 1378 1491 mali.

416 1509 625 1550 intremuit
647 1509 799 1559 malus,
825 1509 1038 1563 timuitque
1063 1510 1251 1552 exterrita
1273 1511 1417 1566 pennis

416 1570 519 1619 ales,
545 1575 586 1611 et
607 1569 764 1625 ingenti
788 1576 1009 1612 sonuerunt
1032 1571 1168 1612 omnia
1189 1571 1349 1626 plausu·

414 1637 510 1685 post
533 1644 626 1671 acer
647 1630 894 1672 Mnestheus
918 1631 1094 1672 adducto
1118 1632 1298 1673 constitit
1320 1647 1418 1674 arcu

417 1691 499 1732 alta
520 1697 682 1746 petens,
707 1691 940 1745 pariterque
964 1692 1104 1734 oculos
1127 1692 1334 1746 telumque
1357 1694 1537 1735 tetendit.

417 1758 481 1793 ast
503 1752 636 1807 ipsam
658 1752 914 1794 miserandus
938 1768 1057 1794 avem
1081 1754 1314 1809 contingere
1339 1753 1446 1795 ferro

416 1827 499 1854 non
521 1812 648 1854 valuit
655 1829 667 1863 3
690 1813 821 1855 nodos
847 1820 887 1855 et
909 1814 1073 1855 vincula
1094 1814 1202 1856 linea
1223 1815 1346 1870 rupit,

417 1873 508 1926 quis
532 1873 682 1914 innexa
704 1874 854 1928 pedem
877 1874 985 1916 malo
1008 1875 1213 1929 pendebat
1234 1875 1287 1917 ab
1311 1875 1392 1917 alto
1400 1892 1411 1926 ;

416 1933 486 1974 illa
508 1939 627 1974 notos
652 1939 774 1987 atque
798 1941 885 1975 atra
908 1935 1050 1976 volans
1074 1935 1117 1976 in
1139 1935 1280 1977 nubila
1302 1936 1420 1991 sugit.

417 2000 504 2034 tum
526 1993 712 2048 rapidus,
737 1994 976 2035 iamdudum
999 2010 1096 2036 arcu
1120 2002 1309 2037 contenta
1330 2003 1472 2050 parato

416 2054 498 2095 tela
521 2060 682 2104 tenens,
707 2054 876 2096 fratrem
897 2055 1100 2110 Eurytion
1122 2056 1165 2096 in
1188 2062 1286 2097 vota
1307 2058 1481 2105 vocavit,

416 2115 498 2155 iam
522 2129 653 2156 vacuo
676 2114 826 2156 laetam
850 2115 962 2157 caelo
988 2116 1220 2170 speculatus
1245 2123 1286 2158 et
1307 2117 1382 2159 alis

415 2175 678 2230 plaudentem
700 2176 818 2231 nigra
841 2176 931 2231 figit
954 2177 1030 2218 sub
1055 2177 1163 2218 nube
1188 2177 1430 2219 columbam.

417 2236 567 2277 decidit
589 2236 804 2286 exanimis,
829 2237 1036 2291 vitamque
1059 2238 1222 2291 reliquit
1243 2238 1286 2279 in
1309 2239 1429 2279 astris

417 2296 625 2347 aetheriis,
651 2297 857 2351 fixamque
880 2298 1005 2339 refert
1028 2298 1196 2353 delapsa
1219 2299 1422 2354 sagittam,

417 2358 569 2399 amissa
592 2358 704 2400 solus
727 2358 866 2413 palma
889 2359 1109 2414 superabat
1131 2359 1320 2410 Acestes,

418 2419 488 2473 qui
511 2425 648 2461 tamen
665 2420 802 2462 ‘aerias
827 2420 953 2462 telum
977 2421 1182 2462 contendit
1204 2421 1248 2462 in
1270 2436 1402 2471 auras,

418 2487 627 2522 ostentans
652 2486 861 2535 artemque
884 2488 1000 2536 pater
1022 2483 1247 2536 arcumque
1266 2488 1488 2524 sonantem.

417 2544 484 2585 hic
507 2543 634 2586 oculis
659 2543 840 2586 subitum
863 2544 1037 2587 obicitur
1058 2559 1290 2600 magnoque
1313 2544 1495 2586 futurum

418 2605 590 2659 augurio
613 2611 860 2655 monstrum;
885 2606 1023 2647 docuit
1044 2612 1139 2661 post
1162 2606 1294 2647 exitus
1316 2605 1474 2660 ingens,

418 2679 590 2718 seraque
613 2666 776 2707 terrifici
799 2666 1032 2708 cecinerunt
1054 2667 1191 2708 omina
1213 2671 1339 2707 vates.

417 2739 592 2778 namque
615 2726 757 2768 volans
781 2727 945 2780 liquidis
969 2728 1012 2768 in
1034 2726 1211 2775 nubibus
1236 2726 1333 2767 arsit
1356 2726 1523 2776 arundo,
