1780 3074
520 254 777 294 AENEmOS
795 253 894 289 LIB.
911 253 977 288 lv.
1268 306 1271 308 ‚
1345 242 1427 284 165

68 373 109 407 at
130 364 238 407 bello
263 362 431 405 audacis
455 360 598 417 populi
620 364 796 401 vexatus
820 362 861 399 et
884 356 1022 407 armis,
1452 368 1516 398 615

65 426 217 469 finibus
241 424 434 474 extorris,
460 422 665 478 conplexu
687 419 854 462 avolsus
879 419 973 469 Iuli,

66 487 266 531 auxilium
288 485 464 541 inploret
486 484 706 538 videatque
729 481 901 538 indigna
924 495 1093 522 suorum

67 550 230 599 funera,
255 562 350 598 nec,
375 561 470 588 cum
496 560 540 588 se
566 544 644 587 sub
667 544 782 600 leges
807 543 921 599 pacis
945 542 1111 597 iniquae

67 610 297 660 tradiderit,
321 623 450 665 regno
476 614 548 649 aut
570 612 711 663 optata
733 605 826 647 luce
850 605 1022 655 fruatur,

67 673 143 715 sed
164 672 285 715 cadat
308 678 403 713 ante
426 670 537 711 diem
560 668 777 722 mediaque
800 666 1039 708 inhumatus
1064 681 1200 707 arena.
1453 678 1518 709 620

66 735 170 776 haec
191 748 354 790 precor,
378 732 486 773 hanc
509 745 653 772 vocem
678 735 904 771 extremam
927 742 1022 770 cum
1047 728 1249 784 sanguine
1271 728 1415 770 fundo.

66 803 152 837 tum
177 810 272 844 vos,
296 809 321 836 o
346 793 480 849 Tyrii,
506 792 676 847 stirpem
700 796 741 832 et
763 805 896 846 genus
921 804 1043 832 omne
1067 789 1254 831 futurum

66 863 252 899 exercete
276 855 398 906 odiis,
425 853 632 908 cinerique
654 852 758 893 haec
781 851 929 892 mittite
952 857 1094 892 nostro

65 933 248 960 munera.
272 916 410 959 nullus
434 930 550 958 amor
571 913 735 971 populis
758 927 836 955 nec
859 912 1028 955 foedera
1053 920 1186 955 sunto.

65 980 250 1022 exoriare
273 978 419 1032 aliquis
443 977 594 1019 nostris
620 991 672 1018 ex
696 975 860 1018 ossibus
884 975 1004 1025 ultor,
1454 989 1518 1019 625

63 1041 136 1096 qui
159 1041 250 1083 face
273 1039 510 1082 Dardanios
534 1039 725 1092 ferroque
749 1051 923 1092 sequare
948 1037 1130 1087 colonos,

64 1116 192 1152 nunc,
218 1101 334 1152 olim,
359 1115 621 1155 quocumque
645 1099 804 1141 dabunt
828 1114 873 1141 se
897 1105 1082 1154 tempore
1108 1100 1230 1141 vires.

63 1163 184 1206 litora
205 1163 393 1205 litoribus
419 1162 639 1212 contraria,
665 1160 859 1203 fluctibus
883 1162 1018 1202 undas

64 1226 270 1282 inprecor,
296 1241 410 1267 arma
433 1224 578 1275 armis3
601 1229 789 1280 pugnent
811 1223 974 1279 ipsique
998 1227 1295 1279 nepotesque.‘·'

121 1287 242 1329 Haec
266 1287 340 1338 ait,
366 1294 407 1328 et
428 1286 556 1342 partis
581 1286 765 1328 animum
788 1286 983 1328 versabat
1005 1286 1048 1327 in
1071 1286 1219 1335 omnis,
1452 1299 1518 1330 630

65 1349 241 1391 invisam
265 1363 466 1403 quaerens
491 1363 615 1402 quam
639 1348 818 1403 primum
845 1347 1090 1403 abrumpere
1114 1348 1262 1395 lucem.

67 1420 154 1452 tum
177 1410 356 1453 breviter
378 1410 542 1452 Barcen
565 1410 767 1451 nutricem
792 1409 935 1450 adfata
960 1407 1139 1464 Sychaei
1165 1415 1246 1450 est:
1274 1434 1329 1438 —

65 1487 244 1527 namque
269 1487 387 1514 suam
409 1471 544 1527 patria
567 1471 736 1525 antiqua
759 1470 862 1512 cinis
888 1476 976 1512 ater
999 1469 1179 1511 habebat
1204 1495 1258 1500 -—

69 1533 264 1585 „Annam
288 1549 383 1576 cara
405 1533 507 1574 mihi
530 1533 670 1574 nutrix
692 1533 774 1574 huc
799 1532 899 1574 siste
925 1546 1126 1581 sororem3

67 1595 134 1637 dic
158 1610 307 1651 corpus
331 1602 523 1651 properet
545 1595 701 1636 fluviali
726 1608 920 1650 spargere
944 1593 1116 1650 lympha
1455 1607 1520 1638 635

68 1662 110 1698 et
132 1658 313 1713 pecudes
338 1672 480 1699 secum
503 1663 544 1698 et
566 1663 794 1699 monstrata
815 1656 980 1711 piacula
1004 1656 1139 1697 ducat.

70 1719 130 1760 sic
154 1719 310 1770 veniat,
335 1725 461 1773 tuque
484 1719 578 1774 ipsa
599 1718 669 1774 pia
693 1724 787 1774 tege
812 1725 996 1773 tempora
1020 1717 1133 1759 vitta.

70 1795 189 1822 sacra
210 1781 303 1823 Iovi
328 1780 495 1837 Stygio,
520 1795 626 1835 quae
649 1781 726 1822 rite
749 1781 914 1836 incepta
937 1780 1093 1836 paravi,

68 1842 265 1898 perficere
289 1849 352 1885 est
375 1837 557 1894 animus,
582 1843 790 1897 finemque
813 1843 1010 1898 inponere
1034 1842 1158 1891 curis,

69 1903 354 1959 Dardaniique
376 1920 524 1960 rogum
548 1905 693 1960 capitis
716 1904 951 1960 permittere
975 1904 1206 1945 flammae.“
1458 1915 1523 1946 640

71 1965 131 2008 sic
153 1966 222 2008 ait.
247 1966 318 2008 illa
339 1967 515 2022 gradum
539 1967 675 2008 studio
700 1966 907 2008 celerabat
930 1966 1040 2007 anili.

72 2034 114 2069 at
137 2027 295 2083 trepida
318 2034 359 2070 et
381 2028 537 2083 coeptis
560 2027 796 2070 inmanibus
822 2028 950 2069 effera
972 2027 1100 2077 Dido,

73 2089 343 2145 sanguineam
366 2090 536 2132 volvens
561 2091 692 2132 aciem
717 2090 974 2144 maculisque
998 2090 1209 2131 trementis

73 2149 274 2192 interfusa
295 2165 424 2206 genas
449 2157 490 2192 et
511 2151 666 2206 pallida
688 2158 820 2193 morte
844 2152 996 2201 futura,

75 2210 266 2252 interiora
288 2212 435 2252 domus
459 2212 655 2267 inrumpit
677 2213 819 2254 limina
843 2219 884 2253 et
908 2213 1012 2254 altos
1460 2225 1525 2255 645

77 2272 315 2313 conscendit
336 2272 560 2314 furibunda
582 2288 727 2329 rogos,
753 2288 977 2327 ensemque
1001 2274 1175 2315 recludit
1222 2303 1225 2305 ,

77 2332 356 2382 Dardanium,
380 2347 463 2374 non
486 2333 563 2374 hos
587 2334 820 2387 quaesitum
843 2350 995 2376 munus
1018 2335 1062 2376 in
1086 2342 1200 2376 usus.

78 2393 164 2443 hic,
188 2400 408 2448 postquam
433 2394 582 2435 Iliacas
606 2401 744 2436 vestes
768 2401 993 2449 notumque
1017 2395 1152 2437 cubile

79 2455 312 2510 conspexit,
336 2455 522 2510 paullum
545 2455 725 2496 lacrimis
750 2461 791 2496 et
814 2462 950 2496 mente
974 2462 1145 2505 morata,

81 2515 345 2571 incubuitque
370 2523 459 2559 toro
483 2517 668 2571 dixitque
690 2517 917 2559 novissima
940 2517 1084 2559 verba:
1463 2530 1528 2562 650

83 2577 250 2629 „dulces
275 2579 466 2628 exuviae,
491 2579 591 2619 dum
615 2578 702 2620 fata
725 2579 910 2632 deusque
935 2578 1108 2628 sinebat,

82 2639 252 2695 accipite
275 2639 382 2682 hanc
405 2641 602 2690 animam,
628 2654 775 2694 meque
798 2640 863 2682 his
889 2640 1088 2682 exsolvite
1112 2641 1232 2682 curis.

83 2700 168 2742 vixi
191 2707 232 2744 et
254 2716 377 2757 quem
401 2702 570 2744 dederat
595 2717 761 2744 cursum
785 2702 950 2745 fortuna
972 2703 1132 2759 peregi3
