1820 3054
371 301 457 342 364
772 309 814 342 P.
834 307 1064 344 VERGILII
1082 305 1305 344 MARONIS

370 410 452 451 heu
474 409 643 449 nimium
666 412 844 448 mentem
868 412 908 448 et
931 407 1102 448 nimium
1125 407 1329 449 inritantia
1351 409 1455 459 visu,

370 470 538 525 virginis
561 469 604 510 in
627 474 767 510 tenera
789 467 987 509 defixerat
1009 468 1145 510 omnia
1168 475 1315 511 mente.

426 529 544 582 Quae
568 528 690 570 simul
713 542 761 569 ac
783 528 899 570 venis
922 528 1060 570 hausit
1083 528 1313 571 sitientibus
1336 530 1475 585 ignem

368 597 409 632 et
431 590 611 631 validum
633 589 795 645 penitus
820 590 1006 645 concepit
1027 590 1071 631 in
1093 604 1190 632 ossa
1211 590 1402 642 furorem,

281 664 343 695 165
369 665 491 692 saeva
513 650 625 692 velut
647 650 793 706 gelidis
817 650 1011 692 Edonum
1034 650 1218 693 Bistonis
1243 652 1337 702 oris,

365 711 497 752 ictave
519 709 730 752 barbarico
756 710 935 766 Cybeles
960 711 1141 753 antistita
1162 711 1286 762 buxo,

365 770 508 812 infelix
530 771 647 827 virgo
671 777 756 812 tota
778 771 1002 813 bacchatur
1024 772 1067 813 in
1090 771 1202 823 urbe,

364 846 446 873 non
470 837 628 887 styrace
651 831 777 874 Idaeo
801 832 1030 888 fragrantes
1054 833 1180 875 tincta
1203 834 1384 889 capillos,

364 892 527 948 cognita
549 907 633 934 non
655 893 803 934 teneris
826 893 999 948 pedibus
1026 892 1220 949 Sicyonia
1244 910 1424 946 servans,

278 966 341 996 170
363 967 446 994 non
468 953 588 994 niveo
610 953 787 995 retinens
812 953 958 996 bacata
979 955 1146 996 monilia
1169 955 1285 997 collo.

363 1013 537 1054 multum
559 1013 619 1054 illi
640 1013 795 1055 incerto
819 1015 1022 1069 trepidant
1045 1015 1220 1070 vestigia
1243 1030 1384 1057 cursu:

364 1088 486 1128 saepe
508 1074 612 1115 redit
634 1074 786 1129 patrios
811 1075 1058 1117 adscendere
1081 1076 1240 1131 perdita
1261 1091 1412 1126 muros,

363 1134 574 1188 aeriasque
597 1134 696 1176 facit
719 1149 907 1177 caussam
931 1150 976 1178 se
999 1136 1131 1178 visere
1155 1142 1285 1178 turres
1293 1153 1305 1187 ;

363 1208 486 1249 saepe
509 1194 632 1236 etiam
656 1195 790 1237 tristes
814 1195 983 1238 volvens
1008 1197 1051 1237 in
1073 1202 1192 1238 nocte
1216 1197 1416 1251 querellas

277 1268 338 1298 175
363 1254 528 1296 sedibus
553 1269 604 1296 ex
627 1254 719 1296 altis
744 1255 846 1297 caeli
870 1256 1102 1311 speculatur
1124 1271 1316 1307 amorem,

362 1321 575 1369 castraque
597 1322 829 1370 prospectat
853 1316 1003 1358 crebris
1027 1316 1205 1358 lucentia
1227 1317 1415 1359 flammis.

360 1375 473 1416 nulla
495 1375 630 1417 colum
653 1376 785 1426 novit,
810 1390 951 1419 carum
973 1391 1056 1418 non
1077 1377 1243 1432 respicit
1266 1392 1422 1428 aurum,

360 1449 443 1477 non
466 1441 611 1490 arguta
635 1442 781 1477 sonant
804 1437 915 1477 tenui
937 1436 1130 1492 psalteria
1153 1437 1316 1488 chorda,

359 1510 442 1537 non
463 1495 626 1551 Libyco
649 1496 792 1538 molles
815 1497 1064 1552 plauduntur
1085 1498 1246 1553 pectine
1269 1499 1386 1541 telae.

273 1569 337 1600 180
359 1556 494 1598 nullus
517 1556 561 1598 in
583 1571 651 1598 ore
673 1556 816 1599 rubor:
839 1557 912 1599 ubi
935 1559 1043 1600 enim
1065 1558 1206 1610 rubor,
1232 1559 1368 1601 obstat
1391 1561 1529 1602 amori.

359 1622 480 1670 atque
503 1616 575 1658 ubi
596 1617 708 1659 nulla
730 1617 848 1659 malis
872 1619 1022 1674 reperit
1045 1619 1189 1661 solatia
1211 1620 1347 1670 tantis,

358 1677 663 1732 tabidulamque
687 1678 799 1720 videt
821 1678 906 1721 labi
927 1694 1001 1735 per
1023 1680 1182 1722 viscera
1203 1687 1388 1731 mortem,
1426 1700 1429 1703 ¹

357 1753 439 1792 quo
462 1744 582 1780 vocat
603 1739 662 1780 ire
686 1739 818 1790 dolor,
844 1739 1040 1796 subigunt
1063 1755 1144 1795 quo
1167 1742 1332 1783 tendere
1355 1742 1442 1784 fata

357 1800 486 1841 fertur
509 1806 550 1842 et
570 1800 751 1843 horribili
773 1816 970 1856 praeceps
993 1802 1200 1857 inpellitur
1221 1808 1368 1853 oestro,

271 1871 333 1903 185
357 1865 402 1900 ut
424 1861 570 1914 patris,
595 1861 648 1902 ah
671 1862 858 1912 demens,
884 1863 1036 1904 crinem
1059 1864 1110 1905 de
1132 1864 1284 1905 vertice
1307 1864 1432 1905 ferret

356 1920 579 1975 furtimque
603 1928 748 1977 arguto
773 1923 989 1965 detonsum
1012 1924 1189 1965 mitteret
1211 1924 1319 1966 hosti
1341 1949 1397 1956 —-

355 1995 531 2035 namque
555 1982 656 2023 haec
680 1983 863 2024 condicio
886 1984 1080 2039 deceptae
1102 1985 1267 2039 ponitur
1287 1999 1370 2026 una
1393 2010 1465 2035 —,

357 2041 443 2083 sive
466 2041 536 2083 illa
558 2042 769 2098 ignorans:
795 2044 886 2097 quis
909 2058 993 2085 non
1015 2043 1147 2085 bonus
1172 2045 1309 2086 omnia
1331 2037 1444 2086 malit

356 2103 537 2153 credere,
562 2117 683 2157 qua-m
709 2110 820 2146 tanto
845 2105 996 2146 scelere
1020 2105 1212 2146 damnare
1235 2105 1438 2160 puellam?

269 2174 332 2205 190
355 2162 435 2204 heu
459 2169 596 2204 tamen
617 2164 761 2205 infelix
783 2189 838 2195 -—
861 2165 960 2219 quid
983 2165 1091 2206 enim
1114 2165 1371 2220 inprudentia
1391 2166 1582 2220 prodest?
1606 2191 1656 2195 ffl—

354 2222 452 2264 Nise
475 2230 608 2279 pater,
633 2225 699 2266 cui
722 2225 879 2280 direpta
902 2226 1118 2267 crudeliter
1140 2225 1241 2267 urbe

354 2282 425 2324 vix
447 2284 523 2325 erit
545 2299 627 2326 una
651 2299 772 2340 super
795 2286 913 2327 sedes
937 2286 980 2327 in
1002 2285 1180 2327 turribus
1205 2286 1310 2336 altis,

354 2343 489 2386 fessus
513 2344 584 2386 ubi
608 2351 814 2388 exstructo
837 2346 971 2401 possis
997 2346 1208 2388 considere
1231 2347 1340 2388 nido.

354 2410 399 2445 tu
422 2418 584 2459 quoque
608 2406 695 2448 avis
719 2406 909 2448 moriere:
934 2406 1048 2448 dabit
1070 2406 1145 2448 tibi
1166 2407 1250 2448 filia
1271 2421 1440 2461 pennas.

268 2478 330 2509 195
353 2465 547 2520 gaudete,
572 2480 597 2507 o
621 2466 792 2517 celeres,
818 2466 1017 2508 subnixae
1039 2466 1218 2508 nubibus
1242 2467 1347 2517 altis,

353 2539 458 2579 quae
481 2540 611 2576 mare,
636 2540 742 2580 quae
764 2527 914 2568 virides
940 2527 1063 2568 silvas
1086 2527 1282 2581 lucosque
1306 2533 1495 2569 sonantes

352 2585 546 2636 incolitis,
571 2588 765 2642 gaudete,
789 2602 920 2643 vagae
944 2587 1199 2642 blandaeque
1222 2588 1428 2637 volucres3

351 2660 508 2700 vosque
531 2648 652 2697 adeo,
677 2647 846 2689 humani
867 2654 1047 2690 mutatae
1070 2648 1250 2703 corporis
1275 2654 1398 2697 artus,

351 2720 426 2748 vos
450 2721 474 2749 o
498 2707 651 2749 crudeli
673 2708 849 2750 fatorum
871 2708 982 2764 lege,
1006 2708 1165 2764 puellae
