1780 3074
553 305 811 344 AENEIDOS
829 305 927 341 LlB.
946 306 995 341 11.

97 415 350 458 attollentem
374 413 455 454 iras
480 417 521 453 et
544 410 708 453 caerula
731 409 837 452 colla
860 414 1105 460 tumentem3

97 477 210 519 haud
234 490 354 518 secus
379 473 632 530 Androgeus
655 472 751 514 visu
774 471 1040 514 tremefactus
1065 471 1218 514 abibat.

96 538 297 580 inruimus
310 568 322 588 ,
347 535 487 578 densis
512 541 554 577 et
577 533 946 577 circumfundimur
967 533 1106 584 armis,

97 600 348 656 ignarosque
370 597 452 640 loci
473 596 632 653 passim
655 602 697 638 et
719 594 939 638 formidine
963 600 1107 650 captos

99 661 331 703 sternimus.
356 659 540 715 adspirat
561 658 694 714 primo
718 658 884 700 fortuna
906 656 1050 699 labori.

99 729 222 777 atque
245 722 313 764 hic
337 736 535 764 successu
558 720 770 763 exsultans
795 719 1027 774 animisque
1052 718 1282 770 Coroebus,

102 800 153 837 „o
177 784 297 834 socii,
346 797 429 837 qua-
450 783 631 839 prima,“
656 782 808 836 inquit,
835 778 1028 833 „fortuna
1053 781 1197 824 salutis

99 852 300 888 monstrat
322 845 416 895 iter,
442 858 607 898 quaque
630 843 811 886 ostendit
834 857 880 885 se
903 843 1066 893 dextra,
1094 858 1333 897 sequamur:

100 913 305 949 mutemus
330 906 484 961 clipeos
508 905 788 960 Danaumque
811 904 993 960 insignia
1014 904 1136 946 nobis

100 975 300 1025 aptemus.
326 967 445 1010 dolus
470 982 523 1009 an
547 967 697 1018 virtus,
722 966 815 1021 quis
839 966 884 1008 in
906 966 1026 1008 hoste
1049 967 1257 1021 requirat?

100 1046 214 1073 arma
237 1030 394 1072 dabunt
421 1030 541 1085 ipsi.“
569 1029 628 1071 sic
652 1029 784 1079 fatus,
810 1029 959 1070 deinde
984 1035 1215 1071 comantem

101 1092 317 1148 Androgei
340 1091 504 1147 galeam
528 1091 731 1147 clipeique
754 1091 918 1147 insigne
943 1091 1138 1132 decorum

100 1155 299 1204 induitur,
324 1154 523 1207 laterique
546 1152 756 1209 Argivum
779 1153 1070 1195 adcommodat
1095 1167 1250 1195 ensem.

99 1216 180 1258 hoc
203 1215 409 1271 Ripheus,
434 1215 513 1257 hoc
535 1215 626 1271 ipse
649 1215 814 1271 Dymas
839 1214 1057 1269 omnisque
1080 1215 1273 1256 iuventus

100 1278 208 1320 laeta
230 1277 350 1328 facit3
377 1277 518 1332 spoliis
543 1291 588 1318 se
612 1277 789 1331 quisque
811 1276 1047 1318 recentibus
1071 1283 1215 1319 armat.

101 1339 290 1381 vadimus
314 1338 475 1379 inmixti
498 1338 659 1380 Danais
682 1338 796 1380 haud
818 1339 987 1380 numine
1010 1345 1165 1388 nostro,

101 1399 312 1454 multaque
335 1414 409 1455 per
432 1413 599 1441 caecam
622 1399 835 1456 congressi
857 1399 1014 1454 proelia
1036 1406 1199 1441 noctem

102 1461 376 1511 conserimus,
402 1460 552 1502 multos
576 1461 774 1502 Danaum
798 1460 1051 1502 demittimus
1078 1460 1204 1503 Orco.

102 1522 325 1579 diffugiunt
348 1522 418 1563 alii
440 1522 494 1563 ad
517 1522 654 1572 navis,
680 1528 721 1563 et
743 1521 862 1563 litora
885 1535 1010 1563 cursu

102 1585 186 1627 fida
206 1598 371 1640 petunt3
395 1599 492 1640 pars
516 1584 728 1640 ingentem
753 1582 972 1625 formidine
996 1583 1106 1638 turpi

104 1647 307 1689 scanth
328 1661 471 1688 rursus
495 1660 649 1699 equum
673 1651 714 1687 et
736 1651 835 1687 nota
858 1644 1091 1686 conduntur
1113 1645 1157 1686 in
1179 1645 1285 1687 alvo.

158 1707 259 1749 Heu
282 1707 383 1748 nihil
406 1707 545 1748 invitis
571 1706 635 1749 fas
659 1721 910 1761 quemquam
934 1706 1062 1748 fidere
1086 1707 1213 1749 divis!

104 1784 199 1812 ecce
223 1769 460 1811 trahebatur
481 1769 617 1824 passis
641 1768 849 1811 Priameia
871 1769 990 1825 virgo

105 1830 284 1873 minibus
309 1846 335 1872 a
357 1830 510 1886 templo
536 1830 774 1872 Cassandra
797 1830 1015 1886 adytisque
1039 1830 1269 1881 Minervae,

105 1893 159 1934 ad
182 1892 342 1934 caelum
365 1892 537 1934 tendens
562 1892 748 1934 ardentia
770 1892 927 1934 lumina
949 1892 1116 1942 frustra,

105 1954 278 2004 lumina,
302 1969 398 1995 nam
423 1960 584 1996 teneras
609 1953 803 1996 arcebant
826 1953 993 1995 vincula
1015 1954 1189 2009 palmas.

105 2031 189 2058 non
212 2015 304 2058 tulit
326 2015 433 2058 hanc
458 2016 639 2071 speciem
662 2015 813 2057 furiata
835 2021 974 2057 mente
1000 2015 1230 2066 Coroebus,

105 2085 147 2121 ct
170 2093 261 2120 sese
283 2077 465 2120 medium
489 2078 628 2120 iniecit
650 2077 857 2134 periturus
881 2078 925 2119 in
948 2092 1112 2134 agmen.

106 2140 395 2195 consequimur
417 2140 554 2182 cuncti
577 2146 618 2182 et
641 2140 782 2182 densis
806 2139 1054 2182 incurrimus
1079 2140 1218 2182 armis.

105 2201 173 2243 hic
193 2201 374 2257 primum
397 2216 450 2243 ex
472 2202 555 2243 alto
578 2201 740 2243 delubri
762 2201 941 2244 culmine
965 2201 1057 2243 telis

106 2269 338 2305 nostrorum
361 2262 590 2312 obruimur,
614 2263 824 2316 oriturque
848 2263 1079 2304 miserrima
1101 2263 1250 2305 caedes

108 2337 314 2365 armorum
337 2323 443 2365 facie
467 2330 508 2365 et
532 2322 752 2365 Graiarum
775 2339 910 2366 errore
933 2324 1137 2366 iubarum.

109 2391 197 2425 tum
219 2384 361 2425 Danai
383 2384 541 2439 gemitu
563 2390 687 2438 atque
710 2391 875 2440 ereptae
898 2385 1070 2441 virginis
1094 2386 1156 2427 ira

109 2445 291 2499 undique
316 2445 477 2487 collecti
499 2445 717 2494 invadunt,
742 2446 966 2487 acerrimus
989 2445 1115 2495 Aiax,

110 2513 151 2548 et
173 2506 327 2562 gemini
351 2506 543 2556 Atridae,
568 2506 862 2561 Dolopumque
886 2507 1089 2548 exercitus
1114 2507 1267 2557 omnis3

110 2568 274 2610 adversi
296 2574 417 2623 rupto
442 2582 519 2609 ceu
541 2568 750 2622 quondam
775 2566 937 2609 turbine
960 2567 1073 2608 venti

111 2629 352 2685 confligunt,
378 2629 667 2684 zephyrusque
690 2635 895 2683 notusque
920 2638 960 2670 et
982 2628 1116 2670 laetus
1141 2629 1228 2671 eois

113 2705 233 2733 eurus
258 2691 394 2745 equis,
421 2692 598 2733 stridunt
622 2691 768 2741 silvae,
794 2691 1006 2744 saevitque
1031 2690 1195 2732 tridenti

114 2766 308 2807 spumeus
333 2759 454 2808 atque
479 2754 562 2796 imo
585 2753 744 2795 Nereus
769 2753 849 2795 ciet
871 2767 1051 2807 aequora
1074 2752 1215 2794 fundo.

1375 298 1456 339 119

1483 423 1549 454 380

1485 732 1550 764 385

1487 1043 1553 1074 390

1489 1352 1553 1383 395

1490 1660 1556 1692 400

1489 1968 1556 1999 405

1490 2276 1557 2307 410

1491 2582 1556 2614 415
