1780 3074
539 282 798 321 AENEIDOS
818 282 917 318 LIB.
938 282 986 317 11.

80 393 291 451 quaerenti
316 397 356 434 et
380 390 498 432 tectis
523 388 636 431 urbis
663 387 751 430 sine
774 387 856 428 fine
879 385 1031 427 furenti

79 456 224 499 infelix
248 454 512 497 simulacrum
536 457 659 505 atque
682 449 812 505 ipsius
837 447 983 490 umbra
1008 446 1191 489 Creusae

80 519 171 561 visa
193 517 295 559 mihi
319 521 413 558 ante
438 513 579 556 oculos
605 518 646 554 et
668 518 767 554 nota
789 510 920 552 maior
942 509 1094 565 imago.

81 579 294 635 obstupui,
321 581 600 629 steteruntque
624 588 767 616 comae
791 578 832 615 et
854 587 938 614 vox
960 570 1152 613 faucibus
1175 569 1320 612 haesit.

82 650 169 684 tum
195 641 254 683 sic
277 639 410 682 adfari
435 643 476 679 et
499 651 619 679 curas
643 636 709 677 his
734 635 898 677 demere
922 633 1062 675 dictis:

84 703 209 759 „quid
233 707 392 744 tantum
414 700 561 741 insano
583 698 700 739 iuvat
722 696 936 752 indulgere
961 695 1105 745 dolori,

83 781 108 808 o
133 764 264 806 dulcis
290 761 494 805 coniunx?
516 775 600 802 non
621 759 726 801 haec
750 759 838 800 sine
862 758 1029 799 numine
1054 757 1195 799 divom

83 827 296 876 eveniunt3
320 838 397 866 nec
420 829 460 864 te
485 822 676 864 comitem
700 821 796 862 hinc
818 826 982 876 portare
1008 819 1211 861 Creusam

83 890 148 932 fas
173 894 244 930 aut
266 887 334 928 ille
359 885 456 927 sinit
480 883 618 939 superi
640 888 835 939 regnator
859 880 1046 937 Olympi.

84 951 208 1007 longa
230 948 305 990 tibi
328 947 473 989 exsilia
496 951 538 987 et
559 950 724 987 vastum
747 943 872 986 maris
897 958 1052 997 aequor
1075 943 1289 984 arandum.

85 1020 126 1055 et
148 1019 298 1055 terram
321 1008 572 1064 Hesperiam
594 1007 754 1056 venies,
782 1005 853 1048 ubi
877 1006 1042 1061 Lydius
1067 1021 1167 1047 arva

83 1075 190 1116 inter
212 1072 350 1128 opima
373 1070 507 1112 virum
530 1069 612 1111 leni
637 1068 727 1110 fluit
750 1068 915 1124 agmine
942 1066 1144 1123 Thybris:

83 1136 166 1178 illic
189 1149 255 1177 res
279 1134 410 1175 laetae
433 1145 691 1188 regnumque
715 1136 757 1172 et
778 1130 894 1186 regia
918 1130 1099 1171 coniunx

84 1204 202 1254 parta
223 1196 316 1246 tibi3
340 1194 529 1237 lacrimas
555 1193 727 1235 dilectae
750 1193 858 1248 pelle
883 1191 1080 1234 Creusae.

84 1275 169 1301 non
192 1273 269 1315 ego
291 1256 605 1313 Myrmidonum
629 1255 749 1297 sedes
773 1254 1040 1310 Dolopumve
1065 1253 1266 1309 superbas

87 1320 302 1376 aspiciam,
328 1324 399 1360 aut
423 1316 546 1360 Grais
572 1317 770 1359 servitum
793 1315 994 1358 matribus
1018 1315 1101 1366 ibo,

87 1381 295 1424 Dardanis
321 1386 362 1422 et
385 1379 504 1420 divae
527 1378 704 1420 Veneris
728 1393 878 1428 nurus3
1106 1411 1109 1414 Α

89 1444 163 1486 sed
187 1458 252 1484 me
276 1456 428 1497 magna
452 1442 575 1483 deum
599 1441 787 1497 genetrix
809 1440 874 1482 his
899 1440 1053 1481 detinet
1078 1440 1173 1481 oris.

88 1507 252 1559 iamque
276 1504 368 1545 vale
393 1513 434 1544 et
455 1503 540 1544 nati
566 1517 686 1545 serva
710 1501 939 1543 communis
963 1503 1186 1542 amorem.“

89 1568 192 1610 haec
213 1566 286 1608 ubi
309 1566 419 1607 dicta
442 1565 572 1615 dedit,
598 1564 882 1606 lacrimantem
905 1569 947 1605 et
969 1562 1100 1604 multa
1122 1562 1328 1604 volentem

90 1631 224 1672 dicere
248 1627 428 1670 deseruit
451 1627 668 1681 tenuisque
692 1625 863 1668 recessit
885 1625 930 1667 in
953 1640 1086 1667 auras.

90 1698 152 1733 ter
175 1696 345 1732 conatus
369 1689 428 1731 ibi
452 1689 557 1730 collo
581 1689 679 1730 dare
702 1687 872 1730 brachia
896 1687 1070 1737 circum3

91 1760 154 1794 ter
176 1752 330 1793 frustra
353 1765 580 1806 conprensa
603 1764 751 1791 manus
775 1748 923 1805 effugit
945 1749 1097 1804 imago,

91 1829 166 1870 par
187 1812 348 1855 levibus
373 1812 506 1854 ventis
530 1811 770 1865 volucrique
794 1811 1002 1853 simillima
1025 1824 1184 1852 somno.

93 1877 153 1919 sic
177 1877 344 1918 demum
369 1875 502 1917 socios
527 1880 772 1929 consumpta
794 1879 914 1916 nocte
938 1873 1086 1915 reviso.

149 1938 290 1992 Atque
313 1937 381 1978 hic
403 1937 615 1993 ingentem
638 1936 835 1978 comitum
858 1935 1082 1977 adfluxisse
1106 1949 1308 1976 novorum

93 2000 258 2042 invenio
282 1998 488 2041 admirans
512 2013 748 2048 numerum,
774 2003 1009 2052 matresque
1034 1997 1239 2051 virosque,

94 2061 307 2104 collectam
331 2060 475 2102 exsilio
497 2059 670 2115 pubem,
695 2059 929 2102 miserabile
952 2059 1114 2115 volgus.

94 2123 274 2177 undique
299 2136 545 2171 convenere,
570 2121 718 2163 animis
742 2121 974 2177 opibusque
997 2121 1142 2176 parati,

94 2185 138 2227 in
161 2198 440 2239 quascumque
463 2183 588 2225 velim
610 2183 759 2239 pelago
783 2183 985 2224 deducere
1008 2188 1150 2224 terras.

95 2246 259 2298 iamque
281 2245 389 2300 iugis
415 2258 600 2286 summae
625 2244 820 2300 surgebat
842 2243 1017 2285 Lucifer
1038 2244 1140 2285 Idae

98 2306 355 2359 ducebatque
379 2306 506 2355 diem,
530 2305 750 2360 Danaique
774 2306 947 2348 obsessa
970 2304 1165 2347 tenebant

99 2367 241 2409 limina
263 2373 490 2422 portarum,
514 2381 592 2408 nec
615 2381 711 2422 spes
736 2367 826 2422 opis
849 2367 935 2408 ulla
957 2366 1144 2408 dabatur.

101 2428 208 2470 cessi
231 2434 271 2470 et
295 2427 456 2470 sublato
479 2434 638 2469 montes
662 2428 846 2483 genitore
867 2427 1007 2482 petivi.

179 2818 330 2852 Verqt'lius.
1033 2816 1041 2820 “
1205 2811 1225 2847 9

1355 271 1436 312 129

1465 396 1529 426 770

1467 708 1532 737 775

1471 1017 1536 1047 780

1472 1327 1536 1358 785

1474 1637 1539 1667 790

1478 1946 1543 1977 795

1478 2254 1546 2285 800
