1794 3048
282 602 345 630 575

279 901 343 931 580

279 1202 342 1233 585

278 1503 342 1535 590

277 1808 339 1837 595

276 2109 339 2139 600

276 2411 338 2441 605

276 2711 339 2741 610

373 298 454 339 104
770 308 811 341 Ρ.
830 307 1060 342 VERGILII
1077 307 1300 346 MARONIS

371 407 492 448 voltis
517 414 556 447 et
579 407 642 447 his
666 421 827 447 meeum
850 407 999 460 pariter
1021 407 1229 449 considere
1252 410 1407 464 regnis:

372 467 514 508 urbem
538 481 661 519 quam
686 472 836 515 statue,
861 472 997 507 vestra
1020 473 1101 518 est;
1126 467 1339 510 subducite
1362 485 1506 521 naves3

373 527 477 567 Tros
503 526 733 580 Tyriusque
757 526 857 566 mibi
879 527 990 568 nullo
1014 527 1246 569 discrimine
1269 535 1423 584 agetur.

370 593 490 638 atque
514 586 669 626 utinam
691 600 764 626 rex
787 586 875 640 ipse
898 593 994 628 noto
1018 589 1252 643 compulsus
1277 590 1420 631 eodem

369 646 526 686 adforet
548 645 734 687 Aeneas!
759 646 947 699 equidem
968 662 1043 702 per
1063 648 1182 690 litora
1205 655 1336 691 certos

369 706 568 746 dimittam
592 712 632 747 et
654 706 815 761 Libyae
838 707 1011 749 lustrare
1035 715 1216 751 extrema
1238 710 1400 760 iubebo,

369 767 404 806 si
427 766 576 819 quibus
601 767 752 808 eiectus
778 767 890 809 silvis
914 774 984 809 aut
1006 769 1175 811 urbibus
1201 774 1346 812 errat.“

422 827 503 868 His
528 827 707 868 animum
731 829 874 870 arrecti
898 829 1014 871 dictis
1039 836 1080 871 et
1102 830 1218 873 fortis
1241 830 1424 874 Achates

368 893 407 930 et
430 893 545 942 pater
566 887 732 929 Aeneas
755 889 994 931 iamdudum
1018 905 1228 946 erumpere
1251 892 1403 934 nubem

367 948 573 989 ardebant.
598 949 706 1003 prior
727 948 901 991 Aenean
924 952 1139 1006 compellat
1161 951 1361 994 Achates:

369 1014 487 1059 „nate
511 1009 605 1058 dea,
630 1023 734 1062 quae
757 1024 865 1051 nune
889 1011 1023 1053 animo
1048 1013 1247 1054 sententia
1272 1013 1425 1068 surgit?

367 1069 503 1110 omnia
525 1074 612 1109 tuta
634 1069 767 1119 vides,
792 1070 966 1112 classem
990 1073 1203 1126 sociosque
1226 1080 1422 1127 receptos.

366 1143 471 1170 unus
496 1129 629 1179 abest,
653 1130 787 1171 medio
810 1131 853 1171 in
875 1131 1001 1172 fluctu
1023 1146 1145 1185 quem
1171 1133 1343 1174 vidimus
1367 1134 1446 1187 ipsi

368 1190 624 1232 submersum
631 1207 642 1241 3
668 1191 785 1233 dietis
809 1194 1054 1247 respondent
1079 1200 1212 1236 cetera
1235 1195 1413 1236 matris.“

366 1250 437 1291 vix
460 1265 509 1291 ea
531 1251 640 1292 fatus
665 1258 768 1301 erat,
795 1267 888 1293 cum
912 1253 1159 1295 circumfusa
1181 1261 1345 1309 repente

367 1311 514 1352 scindit
537 1326 581 1353 se
604 1312 734 1353 nubes
759 1318 798 1353 et
820 1313 864 1354 in
886 1314 1050 1355 aethera
1071 1321 1220 1369 purgat
1243 1321 1438 1369 apertum.

364 1372 511 1413 restitit
533 1371 699 1413 Aeneas
724 1373 911 1426 claraque
935 1374 976 1414 in
999 1374 1089 1415 luce
1113 1374 1283 1424 refulsit,

365 1446 411 1472 os
435 1432 706 1486 humerosque
731 1433 806 1474 deo
831 1434 973 1475 similis
981 1450 992 1484 ;
1017 1449 1191 1488 namque
1215 1436 1306 1490 ipsa
1329 1436 1517 1478 decoram

367 1493 588 1534 caesariem
610 1499 706 1534 nato
730 1494 915 1548 genetrix
937 1495 1155 1549 lumenque
1179 1497 1367 1537 iuventae

365 1567 615 1607 purpureum
639 1560 679 1594 et
701 1553 828 1595 laetos
853 1555 980 1597 oeulis
1005 1556 1173 1597 adflarat
1195 1557 1387 1598 honores:

364 1613 484 1666 quale
507 1629 652 1654 manus
677 1615 832 1655 addunt
855 1615 967 1656 ebori
990 1616 1132 1666 decus,
1157 1622 1228 1658 aut
1250 1617 1322 1658 ubi
1344 1617 1450 1659 flavo

365 1679 578 1729 argentum
601 1674 799 1716 Pariusve
822 1675 926 1730 lapis
951 1676 1223 1718 circumdatur
1246 1692 1356 1719 auro.

364 1741 451 1774 tum
476 1734 535 1775 sic
555 1735 741 1790 reginam
764 1736 1011 1789 adloquitur,
1037 1738 1273 1790 cunctisque
1296 1745 1461 1792 repente

364 1795 593 1848 inprovisus
618 1796 692 1839 ait:
720 1810 899 1847 „coram,
925 1811 1045 1850 quem
1071 1799 1282 1851 quaeritis,
1308 1799 1465 1848 adsum,

365 1854 512 1896 Troius
536 1854 720 1905 Aeneas,
746 1857 918 1911 Libycis
943 1865 1104 1912 ereptus
1130 1859 1181 1900 ab
1205 1859 1338 1900 undis.

364 1929 388 1955 0
413 1915 500 1956 sola
521 1915 711 1957 infandos
737 1916 883 1958 Troiae
907 1918 1098 1960 miserata
1120 1919 1293 1969 labores,

363 1989 468 2028 quae
491 1990 584 2025 nos,
608 1976 798 2029 reliquias
822 1977 1034 2028 Danaum,
1059 1985 1271 2033 terra-eque
1294 1980 1498 2033 marisque

363 2035 551 2077 omnibus
576 2035 796 2078 exhaustos
820 2037 901 2078 iam
926 2038 1107 2088 casibus,
1133 2040 1314 2080 omnium
1338 2054 1503 2095 egenos,

363 2096 483 2146 urbe,
508 2097 629 2142 domo
654 2098 803 2148 socias,
828 2105 965 2154 grates
988 2100 1218 2154 persolvere
1242 2101 1387 2156 dignas

362 2172 445 2198 non
468 2158 556 2212 opis
581 2164 643 2199 est
665 2165 844 2208 nostrae,
869 2159 1000 2210 Dido,
1025 2175 1101 2202 nec
1124 2161 1322 2214 quidquid
1345 2161 1495 2215 ubique
1520 2169 1581 2203 est

362 2218 495 2272 gentis
518 2218 772 2269 Dardaniae,
797 2235 994 2275 magnum
1017 2235 1122 2274 quae
1146 2236 1288 2276 sparsa
1310 2237 1383 2276 per
1405 2222 1557 2264 orbem.

363 2278 405 2318 di
429 2278 519 2328 tibi,
546 2279 581 2320 si
603 2294 685 2332 qua
707 2280 797 2334 pios
822 2287 1053 2335 respectant
1075 2282 1260 2332 numina,
1286 2283 1321 2324 si
1345 2283 1443 2336 quid

362 2353 537 2392 usquam
561 2339 738 2381 iustitiae
762 2346 824 2381 est
848 2348 888 2382 et
911 2356 1027 2383 mens
1053 2342 1131 2384 sibi
1155 2343 1318 2384 conseia
1339 2343 1451 2393 recti,

362 2399 542 2453 praemia
566 2400 691 2455 digna
713 2400 857 2443 ferant.
883 2416 988 2455 quae
1012 2409 1052 2444 te
1076 2409 1158 2444 tam
1181 2403 1288 2445 laeta
1311 2403 1487 2445 tulerunt

364 2460 551 2501 saecula?
573 2461 643 2513 qui
666 2462 766 2502 tanti
789 2462 911 2503 talem
934 2477 1111 2518 genuere
1133 2464 1347 2518 parentes?

362 2520 404 2560 in
427 2520 531 2562 freta
554 2521 652 2565 dum
675 2522 786 2563 fluvii
811 2530 990 2574 current,
1015 2524 1114 2565 dum
1137 2524 1342 2566 montibus
1366 2523 1533 2565 umbrae

362 2580 592 2623 lustrabunt
615 2596 815 2633 convexa,
839 2584 958 2638 polus
982 2585 1080 2626 dum
1104 2586 1237 2627 sidera
1258 2590 1409 2640 pascet,

364 2655 523 2695 semper
545 2642 673 2684 honos
697 2658 926 2697 nomenque
949 2651 1065 2688 tuum
1087 2645 1308 2698 laudesque
1331 2644 1562 2694 manebunt,

363 2714 466 2753 quae
490 2716 555 2742 me
580 2717 753 2756 cumque
777 2711 924 2746 vocant
947 2707 1115 2747 terrae.“
1142 2706 1200 2747 sic
1222 2705 1331 2747 fatus
1355 2705 1529 2746 amicum
