1780 3074
502 276 797 316 GEORGICON
815 277 914 314 LIB.
932 278 1000 314 111.

72 383 307 427 volneribus
332 383 487 425 crebris
495 399 507 434 3
531 382 631 424 lavit
655 390 742 424 ater
765 396 937 438 corpora
961 381 1143 438 sanguis,

69 460 272 501 versaque
295 445 340 487 in
363 444 538 487 obnixos
563 450 792 500 urguentur
815 459 970 486 cornua
991 453 1111 486 vasto

69 523 164 551 cum
188 507 346 564 gemitu
354 523 365 558 3
389 506 562 549 reboant
586 506 796 560 silvaeque
821 513 862 548 et
884 506 1035 563 longus
1062 503 1285 563 Olympus.

67 585 144 613 nec
168 584 258 611 mos
283 569 473 611 bellantis
498 583 581 609 una
604 567 831 619 stabulare3
855 568 931 625 sed
953 569 1056 610 alter

70 632 207 673 victus
233 630 319 673 abit
341 630 548 686 longeque
571 630 724 686 ignotis
749 630 912 672 exsulat
935 630 1030 681 oris,

67 693 198 735 multa
221 707 392 749 gemens
417 692 685 749 ignominiam
708 693 938 748 plagasque
963 692 1131 748 superbi

67 755 253 805 victoris,
279 761 385 804 tum,
411 769 516 809 quos
541 754 680 796 amisit
702 754 877 805 inultus,
903 769 1084 806 amores3

68 824 109 860 et
133 816 294 859 stabula
318 816 563 871 adspectans
586 815 727 871 regnis
753 816 931 858 excessit
954 816 1088 859 avitis.

68 893 166 936 ergo
191 878 303 920 omni
326 892 426 919 cura
448 877 556 919 vires
582 883 746 919 exercet
770 884 811 919 et
834 878 940 919 inter

67 941 170 982 dura
192 940 298 982 iacet
320 939 466 994 pernix
489 939 661 981 instrato
686 955 787 981 saxa
811 939 949 990 cubili,

66 1002 282 1045 frondibus
308 1001 477 1043 hirsutis
503 1007 545 1043 et
568 1002 700 1043 carice
724 1007 868 1057 pastus
894 1008 1028 1052 acuta,

67 1071 109 1107 et
133 1069 305 1120 temptat
330 1077 422 1105 sese
446 1069 569 1118 atque
593 1063 716 1105 irasci
738 1064 782 1105 in
805 1079 959 1106 cornua
983 1065 1106 1106 discit

68 1126 225 1169 arboris
250 1125 427 1168 obnixus
452 1131 616 1176 trunco,
642 1132 870 1181 ventosque
893 1127 1058 1169 lacessit

66 1188 215 1231 ictibus
240 1194 281 1230 et
305 1203 450 1244 sparsa
473 1188 527 1230 ad
548 1203 734 1245 pugnam
757 1189 938 1244 proludit
963 1203 1098 1231 arena.

66 1257 179 1307 post,
206 1250 277 1292 ubi
301 1251 520 1293 collectum
543 1250 669 1292 robur
691 1251 884 1305 viresque
907 1251 1100 1302 refectae,

68 1313 188 1369 signa
211 1319 366 1363 movet,
391 1327 673 1368 praecepsque
698 1312 872 1355 oblitum
895 1313 1025 1355 fertur
1047 1314 1091 1355 in
1114 1314 1296 1356 hostem:

66 1376 216 1417 fluctus
240 1376 301 1416 uti
323 1376 460 1416 medio
484 1375 618 1430 coepit
642 1389 739 1416 cum
762 1376 971 1418 albescere
994 1382 1122 1431 ponto

66 1437 231 1494 longius
257 1451 308 1479 ex
333 1437 498 1491 altoque
523 1436 660 1478 sinum
683 1437 824 1487 trahit,
849 1444 976 1491 utque
1000 1438 1166 1480 volutus

67 1500 122 1541 ad
146 1505 275 1540 terras
299 1499 467 1540 inmane
492 1505 611 1540 sonat
634 1513 709 1554 per
734 1514 853 1549 saxa,
878 1513 1012 1553 neque
1035 1500 1127 1555 ipso

66 1566 205 1603 monte
229 1560 363 1602 minor
385 1559 618 1616 procumbit
626 1577 636 1611 ;
662 1566 705 1602 at
727 1561 812 1602 ima
836 1567 1050 1603 exaestuat
1073 1562 1185 1604 unda

65 1622 307 1674 verticibus,
332 1623 577 1679 nigramque
601 1622 682 1664 alte
707 1622 923 1665 subvectat
947 1638 1126 1665 arenam.

123 1682 262 1727 Omne
287 1684 390 1726 adeo
415 1699 547 1740 genus
572 1684 616 1725 in
640 1685 759 1726 terris
783 1685 1079 1740 hominumque
1103 1685 1364 1740 ferarumque

65 1752 106 1787 et
129 1761 262 1802 genus
289 1760 559 1800 aequoreum,
584 1747 766 1801 pecudes
790 1747 1008 1802 pictaeque
1032 1748 1234 1798 volucres,

68 1806 112 1847 in
130 1807 260 1849 furias
285 1807 507 1864 ignemque
531 1813 668 1850 ruunt.
695 1824 811 1850 amor
834 1809 1025 1851 omnibus
1049 1810 1172 1851 idem.

64 1877 248 1925 tempore
272 1884 356 1911 non
379 1870 460 1912 alio
484 1870 712 1912 catulorum
738 1870 865 1913 oblita
887 1871 1033 1913 leaena

65 1931 228 1973 saevior
251 1931 403 1973 erravit
426 1931 604 1987 campis,
629 1946 706 1974 nec
729 1932 877 1975 funera
900 1933 1025 1989 volgo

63 1999 147 2034 tam
170 1993 299 2035 multa
322 1993 520 2035 informes
546 1994 634 2036 ursi
657 2000 922 2051 stragemque
947 1996 1097 2037 dedere

62 2069 136 2110 per
160 2054 284 2096 silvas
293 2071 304 2106 3
331 2061 418 2096 tum
442 2070 591 2098 saevus
617 2071 733 2112 aper,
759 2063 847 2098 tum
870 2058 1054 2113 pessima
1078 2058 1194 2114 tigris
1203 2075 1215 2108 ;

63 2116 164 2167 heu,
188 2117 296 2158 male
321 2123 410 2158 tum
431 2117 596 2173 Libyae
622 2118 720 2160 solis
746 2124 904 2161 erratur
926 2119 970 2160 in
994 2120 1119 2175 agris.

63 2193 200 2220 nonne
223 2179 360 2229 vides,
385 2184 431 2220 ut
454 2184 541 2221 tota
564 2187 717 2222 tremor
739 2187 987 2236 pertemptet
1011 2196 1212 2236 equorum

65 2254 254 2295 corpora,
280 2240 316 2282 si
339 2246 500 2282 tantum
522 2247 641 2283 notas
666 2242 769 2284 odor
792 2243 928 2284 attulit
952 2243 1100 2285 auras?

64 2315 113 2343 ae
136 2315 271 2355 neque
295 2315 366 2343 eos
390 2302 474 2343 iam
497 2302 615 2344 frena
637 2303 772 2345 virum
796 2319 931 2358 neque
955 2304 1129 2347 verbera
1153 2319 1290 2355 saeva,

64 2377 150 2404 non
174 2362 334 2418 scopuli
356 2378 564 2418 rupesque
588 2379 714 2406 cavae
739 2374 862 2419 atque
887 2366 1049 2408 obiecta
1071 2366 1280 2408 retardant

64 2424 252 2474 flumina,
278 2430 570 2480 correptosque
593 2426 706 2467 unda
728 2428 961 2480 torquentia
984 2434 1158 2470 montes.

64 2486 154 2542 ipse
176 2486 259 2527 ruit
282 2485 509 2540 dentesque
535 2485 769 2529 Sabellicus
794 2488 958 2530 exacuit
983 2503 1068 2538 sus,

66 2553 107 2589 et
127 2548 235 2603 pede
258 2547 492 2604 prosubigit
515 2554 684 2599 terram,
709 2548 829 2592 fricat
852 2549 998 2592 arbore
1022 2556 1172 2600 costas,

67 2614 189 2662 atque
212 2609 310 2651 hinc
333 2616 457 2664 atque
480 2609 593 2651 illinc
616 2609 811 2653 humeros
836 2611 891 2653 ad
913 2611 1083 2653 volnera
1106 2611 1238 2653 durat.

66 2669 167 2722 quid
189 2670 368 2721 iuvenis,
393 2686 594 2728 magnum
617 2671 684 2713 cui
707 2678 845 2714 versat
867 2672 911 2714 in
935 2672 1099 2715 ossibus
1123 2673 1263 2728 ignem

70 2729 196 2773 durus
221 2733 361 2774 amor?
383 2748 533 2789 nempe
558 2732 743 2789 abruptis
769 2733 932 2777 turbata
954 2735 1144 2790 procellis

1373 268 1428 311 63

1454 643 1518 674 225

1454 955 1519 986 230

1452 1266 1518 1298 235

1454 1576 1518 1607 240

1452 1885 1517 1915 245

1453 2193 1519 2224 250

1453 2500 1517 2532 255
