1748 3048
352 299 386 328 X
912 298 1121 325 PRAEFATIO

352 395 505 440 poeticov
513 405 639 430 eorum
651 394 784 429 decore
797 392 1019 437 coniungere
1033 390 1165 425 studet.
1194 390 1325 436 Neque
1339 390 1680 426 commemoratione

352 455 428 479 non
441 445 554 490 digna
565 444 711 479 videtur
722 442 913 487 perfaceta
924 441 991 476 illa
1002 439 1182 485 allegoria
1190 466 1200 484 ,
1215 450 1288 485 qua
1299 443 1412 485 poeta
1422 440 1478 475 uti
1491 440 1603 485 solet,
1616 440 1680 475 ubi

353 494 399 529 de
408 493 640 537 animalibus,
654 491 808 526 maxime
817 491 863 525 de
872 490 1017 535 apibus,
1032 489 1127 535 agit3
1141 500 1236 534 quae
1243 488 1338 523 enim
1345 489 1528 524 vocabula
1533 489 1680 534 proprie

353 544 398 579 de
410 544 597 578 Romanae
610 541 835 586 reipublicae
848 539 1027 574 institutis
1039 542 1273 584 usurpantur,
1295 549 1340 573 ea
1352 539 1439 573 dum
1449 539 1498 573 ad
1510 538 1682 573 animalia

351 593 545 636 transfert,
570 591 710 626 animos
734 589 935 636 legentium
954 594 1183 634 quantopere
1202 588 1362 623 delectet
1380 587 1453 623 dici
1470 587 1530 622 vix
1547 591 1681 632 potest.

353 643 433 683 Quo
457 642 495 676 in
519 652 653 685 genere
676 651 722 675 ne
746 640 914 675 habebat
943 638 1091 684 quidem
1114 637 1153 672 in
1175 641 1294 672 totum
1318 647 1428 682 quem
1455 640 1681 682 sequeretur,

351 701 570 736 quamquam
587 690 626 724 in
644 688 1031 735 singulisLucretium
1053 687 1208 722 maxime
1233 686 1424 732 expressit.
1469 685 1564 722 Nam
1583 686 1683 732 quod

349 741 429 785 ipse
443 751 590 774 carmen
602 750 707 773 suum
719 741 904 773 Ascraeum
918 737 1100 783 appellat,
1115 735 1302 782 significat
1312 736 1518 771 Hesiodum
1528 735 1682 780 primum
1695 738 1698 741 “

349 789 517 824 versibus
542 789 663 834 egisse
688 789 733 823 de
757 788 994 833 agricultura.
1046 786 1120 821 Sed
1143 786 1449 830 Xenophontem,
1473 785 1682 830 Magonem,

350 840 571 884 Varronem,
611 837 827 873 Ciceronem
863 841 1011 872 secutus
1040 836 1079 870 111
1109 836 1264 881 singulis
1299 835 1508 880 praeceptis
1542 839 1683 870 tantum

348 888 549 935 praestitit,
579 892 621 922 ut
644 888 828 922 didactico
855 887 1013 922 carmine
1039 889 1229 931 superaret
1251 890 1395 920 veteres
1421 896 1565 930 omnes,
1589 885 1684 919 inter

348 938 574 974 recentiores
591 937 652 972 vix
669 937 834 972 invenias
853 948 961 982 quem
981 947 1062 971 cum
1080 947 1124 970 eo
1145 946 1363 980 componere
1383 935 1532 970 audeas.
1579 933 1682 975 Getes
1735 945 1738 947 ’

349 1000 430 1023 rum
437 987 621 1034 Georgica
634 998 782 1033 quoque
796 986 1014 1030 emendavit,
1027 985 1252 1030 mutavitque
1266 985 1394 1020 laudes
1400 985 1520 1020 Nolae
1532 988 1683 1029 propter

348 1037 518 1072 iniuriam
537 1048 558 1072 a
570 1036 727 1073 Nolanis
745 1039 935 1081 acceptam
949 1038 999 1079 (V.
1013 1035 1114 1070 Serv.
1126 1035 1165 1069 in
1179 1035 1223 1070 G.
1234 1035 1284 1078 Π,
1298 1034 1391 1078 224.)
1412 1038 1450 1069 01
1463 1033 1562 1068 Galli
1579 1045 1683 1078 prae-

351 1087 458 1122 conio
476 1086 648 1132 Augusto
667 1087 818 1121 iubente
836 1089 924 1131 post
939 1085 1124 1120 infelicem
1142 1084 1220 1120 eius
1240 1084 1381 1119 obitum
1398 1082 1558 1118 Aristaei
1576 1083 1683 1118 fabu-

349 1137 423 1171 lam
437 1136 631 1181 supposuit
641 1136 706 1180 IV,
719 1135 785 1170 315
798 1146 852 1180 sq.

418 1187 448 1229 §.
460 1185 493 1220 5.
517 1186 610 1220 Tum
623 1184 817 1230 Georgicis
831 1183 956 1228 editis,
983 1183 1167 1228 quodiam
1179 1182 1393 1228 priusquam
1406 1182 1583 1217 Bucolica
1596 1181 1683 1216 seri-

348 1236 437 1271 bere
452 1235 636 1280 coepisset
647 1235 827 1278 voluerat,
839 1238 882 1268 ut
892 1245 951 1268 res
965 1233 1152 1267 Romanas
1159 1231 1400 1277 Albanasque
1416 1231 1575 1266 carmine
1589 1231 1681 1266 celc-

349 1286 491 1329 braret,
512 1296 623 1330 quum
636 1284 711 1319 sive
725 1287 928 1328 temporum
940 1282 1134 1327 iniquitate
1149 1282 1224 1316 sive
1234 1308 1243 1326 ,
1262 1286 1305 1315 ut
1316 1281 1482 1326 tradunt,
1496 1280 1683 1316 nominum

351 1334 571 1369 difficultate
586 1333 780 1369 deterritus
795 1332 979 1368 omisisset
992 1335 1040 1376 (v.
1054 1332 1122 1366 ecl.
1135 1331 1200 1375 VI,
1214 1331 1263 1377 3),
1281 1331 1321 1365 id
1332 1331 1385 1365 ita
1397 1330 1553 1365 mutavit
1566 1329 1682 1364 consi·

349 1384 437 1418 lium
446 1411 455 1429 ,
478 1387 521 1418 ut
537 1383 679 1428 imperii
691 1382 848 1417 Romani
867 1385 905 1417 et
915 1381 1032 1416 Iuliae
1045 1380 1167 1426 gentis
1179 1380 1413 1426 Augustique
1432 1379 1592 1425 origines
1605 1379 1681 1413 lau·

350 1434 489 1478 desque
505 1433 575 1467 sibi
589 1433 775 1467 canendas
781 1435 1017 1477 proponeret.
1044 1431 1151 1471 Quod
1165 1442 1257 1475 opus
1270 1430 1411 1464 varium
1422 1440 1466 1464 ac
1478 1429 1681 1473 multiplex,

348 1482 384 1517 A
391 1494 411 1518 e
418 1495 442 1517 n
449 1494 469 1518 e
477 1483 489 1516 i
497 1483 521 1517 (1
529 1494 549 1517 o
560 1494 576 1516 s
589 1482 735 1517 nomine
742 1481 1212 1526 insignitum‚posteaquam
1219 1479 1389 1514 undecim
1396 1479 1500 1514 annis
1508 1478 1680 1522 absolvit,

348 1531 507 1567 triennio
521 1531 694 1566 continuo
703 1558 712 1575 ,
725 1534 767 1565 ut
779 1531 832 1565 ait
841 1530 1012 1565 Donatus
1027 1531 1074 1574 (ξ.
1086 1529 1171 1573 51.),
1186 1540 1328 1563 0111110111
1342 1539 1491 1572 operam
1503 1527 1682 1562 limationi

350 1581 502 1616 daturus
515 1584 632 1615 morte
647 1581 862 1624 absumptus
876 1583 943 1614 est.
982 1578 1128 1614 Etenim
1140 1578 1287 1612 vixdum
1300 1578 1347 1612 ad
1362 1577 1556 1613 Graeciam
1568 1588 1681 1621 appu·
1746 1577 1748 1582 '

348 1631 444 1665 lerat
461 1641 554 1675 opus
573 1641 677 1663 suum
694 1629 746 1663 ibi
764 1629 1013 1674 perpoliturus
1027 1632 1138 1673 atque
1150 1626 1307 1662 Athenis
1325 1627 1364 1661 in
1374 1626 1582 1671 Augustum
1594 1625 1682 1660 inci-

350 1680 454 1714 derat
466 1690 510 1714 cx
524 1679 664 1713 oriente
676 1682 937 1722 revertentem,
964 1689 1074 1722 quum
1088 1677 1241 1722 Megara
1254 1688 1448 1711 excurrens
1465 1677 1681 1721 languorem

348 1732 479 1762 nactus
493 1731 566 1772 est,
587 1739 631 1762 ex
645 1739 716 1772 quo
732 1739 812 1762 cum
824 1728 989 1772 prlncipe
1002 1727 1040 1761 in
1052 1727 1198 1761 Italiam
1210 1737 1377 1760 reversus
1390 1726 1576 1760 Brundisii
1590 1725 1683 1760 obiit

349 1788 381 1811 a.
396 1777 429 1811 d.
442 1778 495 1811 10.
508 1777 581 1811 kal.
596 1776 747 1811 Octobr.
760 1788 792 1811 a.
807 1776 883 1821 734,
904 1775 942 1810 O.
957 1776 1090 1820 Sestio,
1106 1776 1148 1817 Q.
1160 1776 1336 1811 Lucretio
1358 1787 1452 1810 coss.
1495 1775 1589 1811 Ossa
1603 1774 1681 1810 eius

349 1826 545 1870 Neapolim
556 1825 737 1860 translata
749 1825 829 1870 ipso
844 1829 1004 1869 petente.
1041 1826 1281 1859 Testamento
1296 1828 1418 1860 autem
1430 1829 1576 1869 praeter
1587 1824 1681 1859 alios
1743 1867 1747 1870 θ

347 1874 392 1908 L.
404 1874 555 1910 Varium
574 1879 612 1909 et
628 1874 790 1909 Plotium
804 1874 967 1908 Tuccam
984 1874 1140 1909 heredes
1159 1874 1300 1908 fecerat
1317 1885 1362 1909 ea
1380 1873 1616 1917 condicione,
1640 1877 1682 1907 ut

348 1923 550 1959 Aeneidem
566 1924 817 1969 publicarent,
841 1924 944 1958 nullo
963 1934 1072 1958 versu
1086 1923 1212 1957 addito
1226 1926 1291 1957 aut
1309 1924 1479 1967 suppleto
1490 1949 1499 1967 ,
1525 1922 1681 1967 demptis

349 1978 471 2008 autem
484 1984 578 2019 quae
593 1974 751 2008 delenda
769 1973 1009 2010 censuissent.
1057 1973 1302 2014 Quamobrem
1314 1972 1454 2006 factum
1466 1975 1541 2016 est,
1565 1975 1608 2005 ut
1618 1971 1681 2005 im-

347 2023 534 2069 perfectos
546 2034 674 2058 versus
686 2023 937 2068 relinquerent
953 2022 1113 2057 intactos
1122 2048 1131 2066 ,
1157 2021 1264 2057 obliti
1275 2025 1397 2057 autem
1415 2022 1463 2056 ab
1476 2021 1521 2055 iis
1532 2025 1681 2066 praeter

349 2073 423 2108 alia
437 2074 619 2118 quaedam
631 2073 669 2107 111
681 2073 817 2107 nostris
829 2073 933 2108 libris
945 2083 1020 2107 non
1035 2072 1285 2117 comparentia
1297 2072 1466 2106 dicantur
1479 2072 1524 2106 de
1536 2071 1682 2106 Helena

348 2134 477 2157 versus
500 2123 563 2156 lib.
584 2123 633 2166 11,
654 2122 854 2156 567—588.
899 2122 1048 2156 Editum
1072 2126 1195 2156 autem
1218 2122 1364 2156 videtur
1381 2132 1514 2166 poema
1538 2123 1623 2155 ante
1646 2131 1679 2154 a.
1744 2140 1745 2143 =

349 2172 426 2217 737,
445 2173 494 2207 ad
513 2184 619 2217 quem
636 2172 884 2217 Hieronymus
903 2172 1074 2206 adnotat:
1104 2173 1227 2206 Varius
1244 2177 1274 2205 et
1296 2172 1408 2204 Tucca
1419 2176 1543 2215 poetae
1558 2171 1679 2204 haben·

350 2228 405 2256 tur
422 2223 581 2256 illustres.
633 2221 691 2256 De
718 2232 791 2266 quo
816 2220 1028 2266 priusquam
1051 2221 1201 2255 uberius
1221 2231 1389 2266 agamus,
1417 2223 1540 2255 cetera
1557 2229 1679 2264 perse-
1739 2250 1742 2252 .

350 2283 512 2317 quamur.

415 2321 601 2365 Vergilius
614 2320 727 2366 igitur
741 2331 889 2365 corpore
903 2323 942 2355 et
954 2323 1096 2355 statura
1115 2320 1265 2366 grandi,
1278 2319 1381 2354 varia
1392 2318 1602 2354 valetudine
1614 2329 1682 2364 per

348 2374 465 2405 totam
481 2371 594 2406 vitam
612 2382 717 2416 usus,
741 2372 956 2416 plerumque
978 2382 1022 2406 ex
1041 2371 1231 2406 stomacho
1251 2374 1289 2406 et
1299 2371 1471 2406 faucibus
1490 2381 1533 2405 ac
1553 2370 1679 2404 dolore

350 2420 480 2465 capitis
493 2420 704 2464 laborabat,
725 2421 1012 2466 sanguinemque
1027 2422 1173 2466 saepius
1184 2420 1372 2456 reiciebat.
1419 2419 1561 2460 Quibus
1573 2418 1679 2452 malis

349 2481 461 2514 quum
473 2481 613 2504 summa
625 2470 848 2505 abstinentia
857 2497 866 2514 ,
890 2474 967 2504 tum
980 2481 1130 2506 secessu
1141 2470 1181 2505 in
1197 2470 1403 2504 mitioribus
1415 2469 1546 2503 Italiae
1560 2468 1678 2511 regio-

349 2517 458 2552 nibus
471 2518 557 2553 etin
570 2518 696 2554 Sicilia
709 2519 940 2565 Graeciaque
954 2530 1145 2554 occurrere
1159 2520 1315 2554 solebat.
1349 2518 1445 2553 Nam
1457 2516 1526 2552 etsi
1538 2516 1679 2551 tardior

349 2567 550 2602 indicendo
564 2572 601 2603 et
612 2569 773 2604 timidior
781 2573 907 2604 coetus
919 2569 1106 2604 hominum
1117 2569 1195 2604 fere
1207 2568 1388 2613 fugiebat,
1401 2578 1476 2601 non
1484 2565 1680 2601 defuerunt

349 2620 473 2651 tamen
491 2628 585 2662 quae
603 2619 714 2653 vitam
739 2630 869 2654 ornare
888 2622 926 2654 et
942 2620 1054 2654 beare
1069 2619 1200 2654 solent.
1257 2616 1433 2652 Possedit
1449 2616 1545 2651 enim
1561 2626 1678 2660 prope

351 2666 489 2701 centies
508 2667 731 2712 sestertium,
756 2669 974 2714 domumque
998 2668 1035 2702 in
1054 2667 1249 2713 Esquilino
1266 2669 1409 2710 monte,
1433 2664 1586 2699 maxime
1604 2664 1678 2698 Au-

350 2716 449 2760 gusti
461 2716 701 2761 liberalitate,
727 2729 835 2762 quam
848 2720 955 2752 multa
973 2730 1047 2751 cum
1059 2718 1169 2751 dantis
1188 2717 1288 2750 laude
1304 2714 1497 2761 praedicat
1507 2714 1676 2748 Flaccus.
