1820 3080
265 584 329 614 835

264 887 329 918 840

263 1191 328 1221 845

265 1496 330 1525 850

266 1801 331 1830 8525

269 2103 334 2134 860

356 282 439 322 320
758 289 798 321 I‘.
818 287 1046 322 VERGILII
1066 286 1289 322 MARONIS

355 397 441 430 tum
467 404 561 430 vcro
586 390 795 429 inmensus
821 401 992 442 surgens
1018 387 1110 427 ferit
1134 402 1256 428 aurea
1280 387 1432 429 clamor

355 451 506 499 sidera3
531 449 686 490 deiecta
710 448 911 489 crudescit
933 462 1074 503 pugna
1099 447 1292 498 Camilla3

353 512 561 552 incurrunt
584 509 701 550 densi
725 508 845 550 simul
869 509 999 549 omnis
1025 509 1143 563 copia
1166 508 1372 551 Teucrum

354 571 691 626 Tyrrhenumque
715 571 839 612 duces
863 569 1129 624 Euandrique
1153 569 1339 613 Arcades
1363 572 1463 613 alae.

408 631 466 672 At
491 631 654 672 Triviae
678 639 814 672 custos
838 631 1077 672 iamdudum
1099 631 1142 672 in
1165 631 1370 674 montibus
1397 631 1502 687 Opis

352 692 433 733 alta
458 692 572 732 sedet
596 692 784 742 summis,
811 698 1047 747 spectatque
1070 692 1252 734 interrita
1273 707 1447 748 pugnas.

351 758 476 806 utque
500 752 638 807 procul
664 753 797 794 medio
821 753 1015 794 iuvenum
1037 753 1080 794 in
1104 753 1279 796 clamore
1302 754 1510 796 furentum

351 814 561 868 prospexit
584 814 688 855 tristi
712 814 924 855 multatam
946 822 1076 856 morte
1102 814 1330 865 Camillam,

352 874 628 930 ingemuitque
652 875 842 929 deditque
867 875 941 917 has
965 875 1047 916 im0
1069 882 1232 930 pectore
1256 890 1397 918 voces:

354 936 460 987 „heu
484 936 673 986 nimium,
699 937 833 992 virgo,
859 936 1028 978 nimium
1053 937 1214 979 crudele
1238 937 1349 979 luisti

353 997 615 1051 supplicium,
642 997 823 1039 Teucros
848 1004 992 1040 conata
1014 998 1215 1039 lacessere
1239 998 1364 1039 bello!

352 1072 428 1098 ncc
451 1057 524 1099 tibi
548 1058 732 1099 desertae
755 1058 798 1098 in
822 1058 955 1099 dumis
980 1058 1154 1099 coluisse
1178 1058 1359 1100 Dianam

352 1117 503 1172 profuit
528 1125 597 1160 aut
621 1125 779 1160 nostras
803 1118 973 1160 humero
996 1119 1177 1174 gessisse
1202 1119 1385 1174 sagittas.

353 1193 435 1220 non
459 1185 596 1220 tamen
619 1179 850 1221 indecorem
874 1185 943 1220 tua
967 1186 1006 1221 te
1029 1179 1172 1234 regina
1193 1179 1354 1233 reliquit

353 1246 535 1281 extrema
557 1239 639 1281 iam
662 1240 704 1281 in
728 1246 875 1290 morte,
900 1254 1032 1294 neque
1056 1240 1134 1281 hoc
1158 1241 1245 1282 sine
1268 1241 1432 1281 nomine
1457 1241 1579 1282 letum

352 1314 426 1354 per
447 1300 580 1356 gentis
605 1300 696 1350 erit,
722 1306 792 1341 aut
814 1300 967 1341 famam
990 1300 1155 1354 patieris
1179 1301 1343 1342 inultae.

353 1376 448 1401 nam
473 1360 718 1414 quicumque
743 1368 858 1402 tuum
881 1361 1048 1402 violavit
1071 1361 1234 1402 volnere
1260 1376 1421 1416 corpus,

353 1427 481 1463 morte
504 1421 588 1463 luet
612 1422 793 1462 merita.“
819 1421 896 1462 fuit
919 1421 1065 1477 ingens
1090 1428 1226 1463 monte
1252 1422 1327 1464 sub
1353 1422 1433 1464 alto

353 1483 460 1538 regis
485 1482 691 1524 Dercenni
716 1489 873 1524 terreno
898 1497 949 1523 ex
973 1497 1123 1538 aggere
1146 1483 1312 1525 bustum

354 1544 508 1597 antiqui
532 1544 771 1594 Laurentis,
797 1558 1006 1599 opacaque
1029 1545 1120 1586 ilice
1144 1551 1315 1595 tectum3

353 1605 418 1645 hic
443 1605 520 1646 dea
544 1619 588 1646 se
611 1605 787 1660 primum
810 1605 952 1660 rapido
974 1605 1245 1661 pulcherrima
1267 1606 1361 1647 nisu

355 1665 460 1706 sistit
485 1672 524 1706 et
547 1664 771 1707 Arruntem
795 1665 952 1707 tumulo
977 1666 1210 1721 speculatur
1232 1666 1284 1708 ab
1309 1666 1403 1708 alto.

353 1734 398 1767 ut
422 1726 523 1767 vidit
545 1726 762 1768 laetantem
787 1727 932 1768 animis
957 1741 1005 1768 ac
1028 1742 1134 1768 vana
1158 1732 1392 1776 tumentem,

357 1790 479 1838 „cur“
504 1787 635 1841 inquit
660 1787 871 1838 „diversus
896 1787 1009 1830 abis?
1032 1788 1112 1829 huc
1136 1788 1264 1844 dirige
1288 1803 1488 1843 gressum,

355 1846 436 1888 huc
458 1847 634 1902 periture
659 1848 769 1898 veni,
795 1849 932 1903 capias
957 1855 1001 1890 ut
1025 1849 1150 1904 digna
1174 1848 1373 1890 Camillae

354 1909 548 1963 praemia.
574 1914 669 1949 tune
694 1909 816 1949 etiam
839 1909 930 1950 telis
955 1910 1125 1951 moriere
1149 1909 1366 1951 Dianae?“

356 1968 458 2009 dixit
481 1976 521 2009 et
545 1975 686 2010 aurata
708 1969 916 2010 volucrem
940 1970 1136 2011 Threissa
1160 1971 1350 2026 sagittam

357 2030 608 2084 deprompsit
629 2029 837 2084 pharetra,
863 2044 1067 2083 cornuque
1091 2030 1251 2071 infensa
1274 2032 1455 2080 tetendit,

359 2096 400 2131 et
422 2090 540 2131 duxit
561 2089 702 2146 longe,
728 2090 858 2132 donec
881 2097 1048 2133 curvata
1070 2092 1224 2133 coirent

358 2151 463 2192 inter
485 2165 530 2193 se
554 2152 688 2206 capita
711 2157 751 2193 et
773 2151 963 2194 manibus
987 2152 1069 2193 iam
1093 2158 1277 2208 tangeret
1300 2153 1439 2206 aequis

357 2213 475 2254 laeva
497 2211 626 2254 aciem
650 2212 764 2262 ferri,
790 2213 933 2255 dextra
954 2227 1160 2267 nervoque
1183 2214 1388 2269 papillam.

358 2273 562 2328 extemplo
586 2273 654 2314 teli
679 2273 891 2315 stridorem
915 2288 1115 2328 aurasque
1140 2281 1329 2316 sonantes

359 2334 487 2376 audiit
509 2348 591 2375 una
613 2332 794 2384 Arruns,
818 2334 1030 2388 haesitque
1053 2335 1096 2376 in
1119 2349 1285 2390 corpore
1309 2335 1473 2376 ferrum.

271 2407 336 2439 865
359 2394 474 2436 illum
498 2394 772 2450 exspirantem
796 2395 896 2437 socii
920 2402 1040 2449 atque
1065 2402 1245 2438 extrema
1267 2404 1496 2451 gementem

359 2456 472 2498 obliti
496 2456 636 2511 ignoto
661 2470 897 2511 camporum
920 2456 963 2497 in
985 2456 1151 2511 pulvere
1175 2457 1374 2510 linquunt,

363 2515 469 2571 Opis
495 2517 547 2558 ad
570 2516 794 2558 aetherium
817 2517 961 2572 pennis
986 2518 1167 2559 aufertur
1191 2517 1431 2573 Olympum.

415 2577 556 2618 Prima
579 2577 686 2632 fugit
709 2577 873 2619 domina
896 2578 1047 2619 amissa
1070 2578 1171 2619 levis
1197 2578 1261 2620 ala
1286 2578 1501 2625 Camillae3

361 2637 511 2679 turbati
535 2637 698 2694 fugiunt
720 2638 881 2687 Rutuli,
906 2638 1013 2694 fugit
1036 2652 1130 2680 acer
1150 2637 1312 2688 Atinas,

274 2711 339 2743 870
362 2698 599 2752 disiectique
624 2699 748 2741 duces
773 2699 1023 2753 desolatique
1048 2700 1214 2755 manipli
