1800 3080
0 3052 8 3080 '⁷-
2 2723 27 3044 μω,

624 304 883 344 AENEIDOS
902 304 1000 341 LIB.
1019 303 1108 339 XII.

177 415 257 458 hoc
280 420 423 471 caput,
450 427 475 456 o
500 412 632 463 cives,
656 411 762 453 haec
785 409 885 453 belli
909 423 1074 452 summa
1095 406 1278 450 nefandi.

177 478 282 521 ferte
305 477 421 519 faces
444 489 638 532 propere,
663 473 898 528 foedusque
919 471 1126 528 reposcite
1149 470 1369 513 flammis.“

177 540 356 590 dixerat,
382 544 507 593 atque
531 536 680 579 animis
704 535 860 592 pariter
883 533 1138 577 certantibus
1163 546 1309 575 omnes

177 602 278 644 dant
301 615 499 651 cuneum,
525 599 738 653 densaque
763 598 818 640 ad
839 612 982 640 muros
1006 596 1116 639 mole
1141 595 1343 638 feruntur.

178 664 315 707 scalae
338 662 551 719 inproviso
576 661 822 716 subitusque
846 660 1038 716 adparuit
1060 659 1184 716 ignis.

177 726 415 769 discurrunt
439 725 509 767 alii
532 724 587 767 ad
610 729 752 780 portas
778 723 1019 779 primosque
1043 722 1264 772 trucidant,

176 789 334 831 ferrum
358 787 428 830 alii
452 792 645 842 torquent
669 791 710 828 et
732 784 983 828 obumbrant
1006 784 1175 827 aethera
1198 784 1304 826 telis.

175 852 267 908 ipse
290 850 398 892 inter
419 849 576 906 primos
601 849 790 891 dextram
815 847 893 890 sub
917 847 1083 889 moenia
1106 847 1239 888 tendit

176 913 366 963 Aeneas,
392 926 628 968 magnaque
651 911 816 953 incusat
838 924 943 952 voce
972 910 1188 960 Latinum,

177 981 434 1029 testaturque
460 975 560 1016 deos
585 973 734 1015 iterum
760 987 805 1014 se
829 973 883 1014 ad
905 972 1065 1028 proelia
1088 972 1196 1028 cogi,

176 1037 242 1080 bis
265 1037 349 1078 iam
373 1036 503 1078 Italos
527 1035 678 1086 hostis,
703 1035 809 1076 haec
830 1035 915 1076 iam
940 1035 1070 1076 altera
1093 1034 1263 1077 foedera
1285 1033 1436 1090 rumpi.

177 1099 359 1142 exoritur
383 1098 566 1154 trepidos
590 1097 698 1139 inter
721 1097 930 1139 discordia
954 1097 1077 1139 civis:

176 1161 322 1204 urbem
347 1161 417 1202 alii
439 1174 625 1203 reserare
649 1159 793 1201 iubent
818 1165 859 1200 et
881 1159 1066 1215 pandere
1088 1165 1231 1215 portas

176 1223 453 1274 Dardanidis,
478 1223 701 1278 ipsumque
725 1221 895 1263 trahunt
918 1222 962 1263 in
986 1222 1152 1264 moenia
1175 1236 1338 1277 regem3

178 1301 294 1328 arma
316 1286 455 1327 ferunt
479 1285 548 1327 alii
572 1291 614 1327 et
635 1291 815 1342 pergunt
839 1285 1062 1327 defendere
1087 1300 1242 1335 muros,

178 1348 360 1390 inclusas
385 1353 431 1389 ut
455 1362 550 1389 cum
573 1347 781 1389 latebroso
805 1347 849 1388 in
872 1347 1038 1403 pumice
1061 1353 1206 1403 pastor

179 1409 403 1466 vestigavit
426 1423 545 1465 apes,
572 1409 770 1463 fumoque
796 1409 969 1464 inplevit
992 1424 1152 1460 amaro;

178 1472 273 1514 illae
297 1473 408 1514 intus
433 1471 617 1527 trepidae
641 1486 779 1512 rerum
803 1486 878 1526 per
902 1486 1022 1513 cerea
1046 1478 1183 1514 castra

179 1535 433 1584 discurrunt,
458 1533 707 1589 magnisque
732 1539 885 1575 acuunt
911 1533 1156 1576 stridoribus
1181 1533 1263 1575 iras
1272 1549 1284 1584 ;

178 1596 359 1639 volvitur
382 1601 470 1638 ater
493 1596 596 1638 odor
619 1596 757 1646 tectis,
784 1602 873 1637 tum
897 1610 1107 1637 murmure
1133 1610 1257 1637 caeco

180 1659 291 1701 intus
318 1673 420 1700 saxa
445 1663 613 1709 sonant,
639 1673 794 1699 vacuas
819 1658 852 1699 it
875 1658 1016 1700 fumus
1042 1658 1096 1700 ad
1121 1673 1256 1699 auras.

236 1720 405 1762 Accidit
427 1720 532 1762 haec
555 1719 681 1762 fessis
707 1720 831 1762 etiam
855 1720 1024 1762 fortuna
1045 1720 1226 1771 Latinis,

181 1797 288 1837 quae
311 1788 439 1824 totam
464 1782 580 1823 luctu
605 1782 817 1824 concussit
841 1781 1030 1824 funditus
1054 1782 1214 1824 urbem.

180 1844 325 1901 regina
348 1850 395 1886 ut
418 1845 537 1886 tectis
564 1844 798 1886 venientem
821 1844 1022 1900 prospicit
1045 1844 1220 1895 hostem,

180 1906 334 1948 incessi
356 1921 517 1957 muros,
542 1907 652 1963 ignis
683 1907 737 1948 ad
761 1912 870 1948 tecta
892 1906 1046 1957 volare,

180 1983 389 2023 nusquam
414 1969 523 2011 acies
549 1974 691 2011 contra
713 1968 912 2020 Rutulas,
938 1969 1053 2011 nulla
1076 1969 1246 2026 agmina
1272 1967 1416 2019 Turni,

181 2030 328 2072 infelix
349 2045 516 2087 pugnae
539 2031 735 2073 iuvenem
759 2031 803 2072 in
828 2031 1052 2073 certamine
1077 2031 1208 2073 credit

182 2093 431 2134 exstinctum
457 2099 498 2135 ct
522 2092 660 2135 subito
684 2098 867 2135 mentem
891 2093 1058 2136 turbata
1081 2093 1223 2136 dolore

183 2169 228 2197 se
252 2169 446 2198 caussam
471 2155 623 2197 clamat
647 2156 886 2210 crimenque
911 2162 1117 2212 caputque
1142 2155 1359 2205 malorum,

181 2217 395 2271 multaque
417 2232 493 2273 per
515 2223 724 2259 maestum
748 2218 919 2259 demens
945 2218 1071 2259 effata
1095 2218 1292 2267 furorem,

182 2293 412 2334 purpureos
436 2279 637 2321 moritura
660 2294 788 2320 manu
812 2279 1008 2321 discindit
1031 2279 1208 2321 amictus

184 2346 225 2382 et
247 2340 404 2395 nodum
426 2339 615 2382 informis
638 2340 711 2381 leti
733 2340 850 2382 trabe
873 2340 1001 2382 nectit
1024 2340 1077 2382 ab
1101 2340 1196 2382 alta.

184 2416 310 2456 quam
335 2402 495 2443 cladem
519 2402 695 2443 miserae
718 2408 942 2457 postquam
967 2416 1164 2457 accepere
1187 2401 1382 2451 Latinae,

184 2463 270 2504 filia
292 2463 426 2519 prima
449 2478 576 2505 manu
598 2463 730 2505 flavos
754 2463 936 2505 Lavinia
960 2463 1083 2505 crinis

186 2531 227 2566 et
248 2539 391 2568 roseas
415 2525 569 2567 laniata
592 2539 742 2581 genas,
769 2530 858 2566 tum
881 2530 1018 2567 cetera
1042 2525 1198 2567 circum

185 2586 307 2630 turba
330 2586 448 2638 furit3
473 2593 670 2629 resonant
693 2587 775 2629 late
798 2586 1071 2644 plangoribus
1096 2588 1234 2629 aedes.

186 2649 282 2691 hinc
306 2655 435 2692 totam
458 2649 604 2691 infelix
627 2648 821 2705 volgatur
843 2649 958 2691 fama
979 2664 1055 2705 pcr
1076 2648 1235 2692 urbem.

187 2711 408 2753 demittunt
431 2718 612 2762 mentes;
637 2711 669 2752 it
695 2711 828 2753 scissa
850 2717 967 2753 veste
989 2711 1184 2762 Latinus,

188 2773 376 2829 coniugis
402 2774 599 2816 attonitus
624 2772 722 2814 fatis
746 2772 945 2827 urbisque
967 2773 1100 2823 ruina,

263 2850 416 2885 Veranium.
1274 2846 1326 2882 22

1461 292 1546 334 337

1576 605 1641 636 575

1578 920 1644 951 580

1578 1232 1643 1263 585

1579 1546 1645 1576 590

1581 1858 1645 1888 595

1581 2167 1646 2197 600

1582 2476 1647 2507 605

1574 2782 1640 2814 610
