1794 3048
361 277 417 318 40
763 286 803 320 Ρ.
823 284 1053 322 VERGILII
1071 283 1295 322 MARONIS

273 401 338 431 420
362 398 573 428 vertuntur
597 386 752 440 species
777 386 1002 426 animorum
1027 392 1067 427 et
1089 392 1254 440 pectora
1276 393 1410 429 motus

362 463 471 490 nunc
494 448 613 497 alios,
639 447 758 496 alios,
784 447 882 487 dum
903 445 1044 488 nubila
1066 453 1212 488 ventus
1236 447 1395 503 agebat,

362 509 610 563 concipiunt:
635 507 729 548 hinc
751 507 818 548 ille
842 507 980 548 avium
1004 515 1223 549 concentus
1247 508 1291 548 in
1313 509 1435 564 agris,

362 577 402 611 ct
424 570 553 610 laetae
575 568 753 622 pecudes
778 573 818 608 et
841 573 1009 609 ovantes
1032 574 1195 623 gutture
1220 569 1341 610 corvi.

419 629 466 671 Si
489 643 585 670 vero
611 628 737 669 solem
761 628 814 669 ad
836 628 1024 683 rapidum
1046 629 1246 682 lunasque
1270 636 1485 683 sequentes

273 705 336 735 425
361 691 500 732 ordine
522 689 734 744 respicies,
759 703 982 743 numquam
1005 695 1044 731 te
1068 691 1243 731 crastina
1266 690 1379 732 fallet

359 752 477 801 hora,
501 764 634 804 neque
657 750 814 791 insidiis
838 750 968 792 noctis
993 751 1150 805 capiere
1175 766 1353 793 serenae.

359 813 457 853 luna
479 817 726 853 revertentes
751 826 844 852 cum
866 811 1043 866 primum
1067 812 1220 868 colligit
1243 813 1363 868 ignis,

362 874 397 915 si
421 873 582 928 nigrum
606 872 780 914 obscuro
803 873 1085 927 conprenderit
1109 888 1203 915 aera
1227 889 1363 924 cornU,

361 935 564 976 maximus
588 934 775 990 agricolis
798 934 1025 990 pelagoque
1047 935 1256 989 parabitur
1277 936 1425 986 imber3

274 1010 338 1040 430
362 1002 404 1037 at
427 996 462 1037 si
484 996 713 1051 virginemn
737 995 952 1036 suffuderit
975 1010 1044 1037 ore
1066 995 1270 1046 ruborem,

361 1063 508 1098 ventus
533 1057 624 1098 erit:
648 1062 769 1098 vento
793 1071 954 1111 semper
974 1056 1093 1098 rubet
1116 1072 1239 1099 aurea
1261 1057 1442 1099 Phoebe.

364 1118 428 1159 sin
451 1124 541 1159 ortu
564 1123 726 1171 quarto,
750 1132 927 1171 namque
949 1117 985 1159 is
1010 1118 1259 1160 certissimus
1285 1125 1436 1168 auctor,

363 1191 483 1232 pura,
509 1192 641 1231 neque
665 1177 850 1219 obtunsis
874 1192 947 1232 per
970 1178 1127 1219 caelum
1151 1179 1340 1221 cornibus
1363 1179 1449 1229 ibit,

365 1246 473 1281 totus
498 1245 538 1280 et
560 1239 627 1280 ille
651 1239 756 1289 dies,
782 1245 821 1280 et
844 1240 914 1293 qui
937 1246 1155 1281 nascentur
1177 1240 1229 1282 ab
1252 1241 1322 1282 illo

275 1315 338 1344 435
363 1306 551 1341 exactum
574 1300 627 1341 ad
649 1314 849 1350 mensem,
874 1300 1012 1354 pluvia
1034 1300 1246 1354 ventisque
1271 1301 1477 1350 carebunt,

365 1367 540 1414 votaque
565 1361 712 1402 servati
737 1361 895 1403 solvent
917 1361 959 1401 in
982 1361 1098 1402 litore
1121 1367 1268 1403 nautae

367 1420 526 1464 Glauco
550 1428 590 1462 et
612 1421 829 1476 Panopeae
853 1428 893 1463 et
916 1422 1017 1463 Inoo
1041 1422 1289 1464 Melicertae.

365 1482 426 1524 sol
451 1496 631 1535 quoque,
657 1482 842 1523 exoriens
867 1488 908 1523 et
931 1496 1024 1523 cum
1050 1497 1092 1524 se
1117 1483 1265 1524 condet
1287 1483 1329 1525 in
1353 1484 1495 1533 undas,

366 1543 484 1598 signa
507 1542 637 1592 dabit,
663 1543 790 1584 solem
814 1543 1039 1585 certissima
1063 1544 1180 1600 signa
1203 1551 1439 1598 sequuntur,

276 1617 341 1647 440
366 1610 406 1644 et
429 1617 534 1657 quae
557 1618 676 1644 mane
698 1604 822 1645 refert
845 1610 885 1646 et
907 1619 1012 1658 quae
1036 1606 1295 1661 surgentibus
1320 1606 1451 1648 astris.

364 1665 432 1706 ille
456 1664 526 1706 ubi
549 1671 784 1706 nascentem
806 1666 976 1707 maculis
1000 1667 1214 1708 variaverit
1238 1673 1370 1708 ortum

366 1726 552 1767 conditus
577 1726 620 1766 in
642 1726 811 1776 nubem,
837 1727 1052 1780 medioque
1074 1727 1269 1783 refugerit
1292 1728 1402 1778 orbe,

368 1787 547 1841 suspecti
569 1786 643 1828 tibi
666 1787 747 1828 sint
768 1787 938 1828 imbres:
962 1802 1137 1841 namque
1160 1794 1307 1844 urguet
1330 1789 1381 1830 ab
1406 1789 1487 1831 alto

367 1847 660 1900 arboribusque
685 1848 865 1901 satisque
888 1854 1008 1889 notus
1032 1850 1249 1903 pecorique
1274 1850 1445 1892 sinister.

280 1921 344 1951 455
369 1914 439 1948 aut
461 1907 533 1949 ubi
557 1908 633 1949 sub
657 1908 790 1949 lucem
813 1909 941 1949 densa
963 1909 1067 1950 inter
1089 1909 1229 1951 nubila
1252 1925 1343 1952 sese

368 1969 518 2010 diversi
540 1976 730 2023 rumpent
751 1969 871 2018 radii,
896 1975 966 2010 aut
987 1969 1060 2011 ubi
1081 1970 1233 2025 pallida
1256 1978 1395 2026 surget

368 2029 535 2071 Tithoni
559 2044 745 2071 croceum
768 2030 955 2083 linquens
978 2029 1142 2072 Aurora
1164 2031 1309 2082 cubile,

368 2091 468 2140 heu,
494 2091 600 2131 male
625 2096 712 2132 tum
734 2091 843 2132 mitis
868 2090 1059 2132 defendet
1081 2092 1297 2146 pampinus
1322 2108 1441 2134 uvas:

369 2163 452 2193 tam
475 2151 603 2214 multa
625 2151 668 2192 in
690 2152 807 2193 tectis
832 2152 1033 2206 crepitans
1059 2153 1151 2193 salit
1172 2153 1334 2195 horrida
1357 2155 1525 2209 grando.

281 2227 346 2257 450
369 2212 448 2254 hoc
472 2212 611 2263 etiam,
637 2227 803 2254 emenso
827 2227 920 2254 cum
943 2213 1024 2254 iam
1048 2213 1207 2255 decedit
1232 2213 1425 2269 Olympo,

367 2273 564 2328 profuerit
586 2273 820 2315 meminisse
843 2274 994 2329 magis3
1017 2290 1113 2315 nam
1137 2289 1258 2330 saepe
1280 2275 1467 2317 videmus

368 2334 498 2389 ipsius
522 2335 565 2375 in
587 2334 702 2376 voltu
724 2335 858 2376 varios
883 2349 1016 2376 errare
1040 2335 1214 2377 colores:

372 2395 581 2437 caeruleus
604 2396 786 2451 pluviam
810 2396 1038 2446 denuntiat,
1062 2396 1208 2452 igneus
1232 2411 1370 2447 euros3

372 2457 437 2498 sin
459 2457 643 2498 maculae
666 2457 861 2512 incipient
882 2457 1002 2499 rutilo
1024 2457 1275 2499 inmiscerier
1295 2458 1394 2513 igni,

284 2532 346 2562 455
371 2518 508 2560 omnia
530 2524 617 2559 tum
640 2518 790 2573 pariter
812 2524 934 2560 vento
957 2518 1187 2572 nimbisque
1209 2518 1366 2560 videbis

371 2578 540 2620 fervere.
565 2593 648 2620 non
670 2579 740 2620 illa
761 2579 978 2633 quisquam
1000 2593 1066 2620 me
1089 2585 1207 2621 nocte
1228 2594 1302 2634 per
1324 2578 1450 2620 altum

371 2639 448 2687 ire,
473 2653 603 2692 neque
627 2639 679 2681 ab
703 2646 809 2681 terra
830 2646 992 2681 moveat
1016 2640 1241 2682 convellere
1263 2639 1414 2680 funem.

373 2709 414 2740 at
438 2699 489 2749 si,
515 2714 607 2740 cum
630 2700 857 2754 referetque
881 2701 988 2743 diem
1012 2701 1238 2755 condetque
1259 2700 1443 2749 relatum,
