1780 3074
1191 262 1226 277 „-
1259 267 1267 272 ,

581 286 840 324 AENEIDOS
865 287 1043 325 LIB.VI.
1069 291 1072 294 ’

130 392 241 450 regis
264 391 462 442 Romani,
487 391 664 447 primam
687 391 760 446 qui
781 389 946 448 legibus
969 389 1116 433 urbem

131 453 338 505 fundabit,
365 453 548 496 Curibus
571 453 712 509 parvis
737 459 779 495 et
801 467 984 509 paupere
1007 458 1117 494 terra

129 515 283 558 missus
306 516 351 557 in
372 516 593 571 imperium
616 530 829 572 magnum.
855 515 923 557 cui
946 514 1095 557 deinde
1119 513 1276 557 subibit

129 578 214 620 otia
235 578 308 632 qui
330 585 494 634 rumpet
516 577 674 633 patriae
697 577 939 631 residesque
962 575 1147 620 movebit

130 639 279 682 Tullus
302 639 346 681 in
369 655 485 682 arma
507 640 618 682 viros
643 645 684 681 et
706 639 791 682 iam
814 639 988 682 desueta
1011 638 1231 695 triumphis

128 701 307 759 agmina.
332 715 458 756 quem
480 702 597 744 iuxta
621 702 807 756 sequitur
828 701 1045 744 iactantior
1067 700 1230 751 Ancus,

127 778 239 806 nunc
261 778 425 818 quoque
449 764 533 806 iam
555 764 730 806 nimium
752 764 941 820 gaudens
965 763 1235 819 popularibus
1260 763 1385 805 auris.

127 825 191 868 vis
215 831 256 867 et
279 825 528 880 Tarquinios
551 840 672 882 reges
697 826 962 880 animamque
987 825 1210 880 superbam

127 887 270 930 ultoris
293 887 415 930 Bruti
437 888 656 942 fascesque
679 888 820 930 videre
843 887 1058 943 receptos?

126 949 308 993 consulis
337 950 557 1006 imperium
579 950 648 992 hic
670 950 852 1006 primum
876 951 1106 1004 saevasque
1131 964 1298 992 secures

125 1012 316 1067 accipiet,
342 1019 545 1066 natosque
567 1017 687 1068 pater
707 1027 818 1054 nova
840 1011 951 1054 bella
973 1017 1190 1054 moventes

124 1073 179 1115 ad
200 1087 379 1129 poenam
400 1074 575 1129 pulchra
596 1089 672 1130 pro
695 1074 885 1116 libertate
908 1073 1087 1123 vocabit,

123 1135 287 1177 infelix!
311 1142 537 1191 utcumque
560 1135 695 1178 ferent
719 1150 769 1178 ea
791 1136 903 1178 facta
926 1136 1120 1187 minores,

123 1197 261 1239 vincet
284 1212 399 1240 amor
420 1198 577 1253 patriae
600 1198 855 1253 laudumque
878 1199 1069 1241 inmensa
1092 1199 1256 1254 cupido.

125 1259 227 1313 quin
248 1259 406 1302 Decios
429 1260 678 1315 Drusosque
701 1260 846 1316 procul
871 1275 1126 1315 saevumque
1151 1261 1287 1303 securi

125 1321 266 1376 aspice
290 1321 548 1376 Torquatum
572 1328 613 1364 et
634 1323 883 1365 referentem
907 1323 1028 1379 signa.
1054 1322 1291 1365 Camillum.

125 1383 219 1425 illae
243 1390 399 1433 autem,
424 1383 593 1438 paribus
618 1398 722 1438 quas
746 1384 908 1440 fulgere
933 1385 1066 1426 cernis
1090 1385 1135 1426 in
1157 1387 1296 1436 armis,

125 1445 350 1487 concordes
375 1446 537 1487 animae
561 1460 672 1488 nunc
696 1452 737 1487 et
760 1446 861 1487 dum
883 1452 1005 1488 nocte
1028 1454 1283 1502 premuntur,

126 1506 209 1548 heu
233 1513 435 1562 quantum
457 1508 565 1549 inter
588 1522 633 1549 se
657 1507 832 1558 bellum,
859 1508 895 1550 si
917 1508 1075 1550 lumina
1097 1509 1207 1550 vitae

125 1569 352 1627 attigerint,
378 1577 555 1624 quantas
580 1571 690 1612 acies
716 1578 979 1627 stragemque
1004 1570 1171 1613 ciebunt

125 1631 348 1688 aggeribus
375 1647 492 1674 socer
514 1631 682 1687 Alpinis
707 1639 831 1686 atque
855 1647 949 1675 arce
971 1633 1170 1675 Monoeci

125 1693 401 1743 descendens,
426 1708 555 1749 gener
577 1694 763 1736 adversis
787 1695 1013 1738 instructus
1037 1695 1156 1737 Eois.

125 1770 196 1806 ne,
220 1755 358 1811 pueri,
382 1771 435 1797 ne
460 1762 574 1797 tanta
597 1757 745 1798 animis
770 1757 1003 1799 adsuescite
1027 1757 1149 1807 bella,

125 1832 208 1859 neu
229 1817 387 1873 patriae
412 1817 570 1859 validas
593 1818 638 1859 in
659 1819 821 1861 viscera
843 1819 990 1861 vertite
1013 1819 1144 1870 vires3

126 1887 254 1934 tuque
276 1879 404 1935 prior,
430 1886 475 1921 tu
497 1895 640 1935 parce,
664 1895 797 1937 genus
822 1881 895 1935 qui
918 1881 1036 1923 ducis
1063 1880 1260 1937 Olympo,

124 1941 263 1997 proice
287 1941 370 1982 tela
392 1956 537 1991 manu,
564 1943 735 1998 sanguis
759 1942 896 1985 meus!
922 1969 978 1973 —

123 2002 193 2044 ille
217 2002 468 2058 triumphata
492 2003 700 2059 Capitolia
723 2005 777 2047 ad
800 2005 884 2047 alta
908 2004 1110 2048 Corintho

123 2065 256 2107 victor
278 2071 375 2121 aget
397 2080 582 2117 currum,
607 2067 740 2109 caesis
763 2067 940 2124 insignis
963 2066 1154 2110 Achivis.

124 2133 240 2169 eruet
261 2127 330 2169 ille
354 2126 497 2184 Argos
520 2127 963 2185 Agamemnoniasque
985 2130 1204 2186 Mycenas,

123 2189 343 2244 ipsumque
366 2188 600 2241 Aeaciden,
625 2206 758 2247 genus
783 2192 1067 2247 armipotentis
1090 2191 1261 2243 Achilli,

124 2250 236 2292 ultus
260 2265 361 2292 avos
386 2250 554 2301 Troiae,
579 2252 734 2307 templa
757 2259 798 2294 et
821 2259 1021 2295 temerata
1039 2252 1273 2295 Minervae.

1408 277 1491 322 211

126 2311 220 2366 quis
243 2317 303 2361 te,
328 2326 479 2367 magne
505 2311 630 2363 Cato,
656 2314 845 2363 tacitum,
871 2320 943 2356 aut
966 2321 1026 2364 te,
1053 2314 1207 2365 Cosse,
1232 2315 1463 2369 relinquat?

126 2373 220 2427 quis
245 2370 426 2415 Gracchi
448 2387 601 2427 genus,
627 2379 698 2415 aut
720 2375 929 2430 geminos,
955 2376 1038 2417 duo
1062 2375 1237 2417 fulmina
1261 2376 1370 2427 belli,

128 2432 367 2490 Scipiadas,
393 2433 553 2475 cladem
575 2434 760 2489 Libyae,
784 2449 995 2490 parvoque
1018 2442 1230 2491 potentem

125 2495 383 2545 Fabricium,
407 2494 476 2536 vel
499 2501 539 2536 te
564 2494 924 2547 sulcofSerrane,
951 2498 1181 2539 serentem?

126 2572 210 2612 quo
232 2557 394 2599 fessum
415 2556 578 2612 rapitis,
602 2557 749 2599 Fabii?
771 2564 818 2600 tu
835 2558 1048 2601 Maximus
1070 2558 1138 2600 ille
1163 2573 1221 2610 es,

126 2634 236 2661 unus
260 2619 333 2674 qui
355 2618 476 2661 nobis
501 2619 733 2660 cunctando
756 2619 940 2661 restituis
963 2634 1063 2661 rem.

128 2681 333 2731 excudent
355 2681 426 2723 alii
449 2681 646 2736 spirantia
669 2681 835 2724 mollius
860 2696 968 2732 aera,

128 2743 251 2785 credo
274 2743 483 2798 equidem,
509 2743 626 2785 vivos
651 2743 803 2786 ducent
826 2743 878 2785 de
902 2757 1105 2786 marmore
1127 2743 1278 2795 voltus,

1178 2815 1259 2852 14*

1519 402 1586 434 810

1519 714 1586 746 815

1517 1024 1584 1056 820

1516 1338 1582 1369 825

1515 1646 1582 1677 830

1516 2267 1582 2298 840

1515 2574 1581 2605 845
