1780 3074
581 295 839 334 AENEIDOS
862 295 960 331 LIB.
971 295 1057 332 VII.

134 407 304 466 adiungi
326 420 526 464 generum
549 403 653 445 miro
676 398 923 458 properabat
946 412 1104 448 amore3

136 472 211 514 sed
232 469 356 513 variis
380 472 570 525 portenta
592 465 718 507 deum
741 461 965 505 terroribus
990 459 1168 502 obstant.

134 534 274 576 laurus
299 537 387 573 erat
410 529 508 572 tecti
530 527 667 570 medio
690 526 734 567 in
755 522 1037 581 penetralibus
1061 521 1168 572 altis,

137 609 255 638 sacra
278 607 458 642 comam,
483 589 719 643 multosque
742 593 858 629 metu
881 590 1046 628 servata
1067 598 1142 639 per
1165 597 1309 632 annos,

135 672 262 712 quam
285 662 403 712 pater
425 654 656 702 inventam,
679 649 835 706 primas
860 662 957 690 cum
980 646 1175 689 conderet
1198 659 1328 695 arces,

136 720 227 775 ipse
249 716 460 760 ferebatur
481 713 655 757 Phoebo
680 725 867 755 sacrasse
890 709 1084 759 Latinus,

137 779 444 834 Laurentisque
468 777 521 820 ab
546 792 596 819 ea
618 790 771 818 nomen
793 772 986 830 posuisse
1011 770 1181 814 colonis.

137 843 261 886 huius
285 855 385 897 apes
410 853 622 882 summum
645 837 800 879 densae
823 860 879 866 —
902 832 1091 876 mirabile
1115 832 1229 874 dictu
1252 857 1308 862 —

139 904 311 947 stridore
333 901 492 958 ingenti
514 899 717 955 liquidum
740 904 854 940 trans
878 895 1046 953 aethera
1068 901 1213 936 vectae

139 966 338 1009 obsedere
361 963 540 1019 apicem,
566 968 608 1004 et
629 959 806 1017 pedibus
829 974 905 1015 per
926 963 1072 1000 mutua
1094 957 1213 999 nexis

138 1041 314 1070 examen
337 1025 520 1068 subitum
542 1038 658 1066 ramo
682 1022 900 1064 frondente
922 1019 1132 1076 pependit.

139 1089 333 1132 continuo
356 1094 473 1130 vates
499 1091 741 1138 „externum
763 1083 1003 1126 cernimus“
1028 1082 1163 1136 inquit

142 1152 389 1204 „adventare
411 1150 547 1191 virum
570 1154 612 1191 et
633 1147 761 1204 partis
785 1152 926 1203 petere
950 1160 1103 1202 agmen
1126 1144 1295 1186 easdem

140 1213 325 1270 partibus
350 1227 403 1254 ex
423 1211 559 1253 isdem
581 1216 623 1252 et
646 1225 811 1252 summa
833 1208 1082 1250 dominarier
1106 1208 1240 1249 arce.“

142 1281 372 1332 praeterea,
398 1273 522 1315 castis
547 1272 685 1314 adolet
707 1272 808 1313 dum
831 1271 976 1313 altaria
1000 1270 1132 1312 taedis

143 1343 185 1379 et
206 1337 323 1378 iuxta
344 1336 573 1392 genitorem
596 1335 733 1376 adstat
755 1333 936 1375 Lavinia
958 1333 1091 1388 virgo,
1133 1346 1137 1354 ·

142 1399 252 1449 visa,
276 1398 414 1448 nefas,
438 1396 573 1453 longis
598 1396 878 1451 conprendere
902 1394 1084 1436 crinibus
1107 1393 1262 1450 ignem,

144 1469 269 1516 atque
292 1474 458 1502 omnem
482 1464 672 1501 ornatum
694 1458 862 1499 flamma
885 1456 1110 1511 crepitante
1134 1454 1319 1505 cremari,

144 1523 379 1580 regalisque
403 1536 580 1563 accensa
603 1535 763 1570 comas,
789 1533 965 1560 accensa
989 1532 1185 1559 coronam

145 1586 353 1642 insignem
375 1583 571 1641 gemmis3
597 1589 685 1624 tum
709 1581 870 1623 fumida
891 1580 1046 1622 lumine
1069 1580 1186 1621 fulvo

146 1647 303 1690 involvi
325 1661 375 1688 ao
398 1646 494 1688 totis
518 1645 738 1687 volcanum
763 1657 957 1699 spargere
981 1642 1112 1684 tectis.

146 1710 191 1752 id
213 1723 311 1751 vero
334 1708 583 1750 horrendum
607 1721 656 1748 ac
678 1706 774 1748 visu
797 1705 983 1747 mirabile
1007 1704 1124 1746 ferri:

147 1786 326 1826 namque
351 1771 439 1813 fore
461 1770 678 1811 inlustrem
700 1768 814 1810 fama
837 1767 1018 1822 fatisque
1042 1765 1246 1809 canebant

148 1835 302 1890 ipsam,
328 1832 403 1875 sed
425 1831 579 1887 populo
602 1845 800 1887 magnum
823 1830 1069 1886 portendere
1092 1828 1260 1871 bellum.

150 1902 193 1937 at
214 1910 288 1936 rex
314 1895 511 1937 sollicitus
535 1893 730 1935 monstris
755 1892 922 1934 oracula
943 1891 1091 1942 Fauni,

150 1957 308 1998 fatidici
331 1956 546 2013 genitoris,
572 1955 675 2006 adit,
699 1954 900 2009 lucosque
925 1953 1002 1996 sub
1027 1953 1111 1995 alta

151 2019 328 2061 consulit
348 2018 562 2069 Albunea,
586 2032 803 2066 nemorum
827 2031 933 2071 quae
957 2016 1140 2058 maxima
1164 2029 1281 2056 sacro

151 2081 266 2123 fonte
291 2087 427 2132 sonat,
454 2094 704 2134 saevamque
729 2079 895 2121 exhalat
918 2093 1049 2134 opaca
1073 2077 1302 2133 mephitim.

151 2144 248 2185 hinc
271 2143 401 2185 Italae
424 2148 569 2199 gentes
593 2142 810 2196 omnisque
836 2140 1038 2184 Oenotria
1061 2140 1183 2182 tellus

152 2205 197 2246 in
219 2205 355 2247 dubiis
379 2219 579 2260 responsa
600 2209 764 2259 petunt3
789 2203 871 2244 huc
894 2203 1004 2244 dona
1028 2202 1221 2244 sacerdos

155 2281 251 2308 cum
274 2265 366 2307 tulit
389 2272 430 2307 et
453 2280 667 2307 caesarum
690 2264 831 2306 ovium
855 2264 933 2306 sub
957 2269 1078 2305 nocte
1103 2262 1240 2304 silenti

156 2326 332 2382 pellibus
356 2326 542 2368 incubuit
566 2325 702 2367 stratis
728 2339 978 2378 somnosque
1002 2324 1158 2379 petivit,

157 2388 287 2430 multa
310 2387 445 2429 modis
470 2387 690 2429 simulacra
711 2387 825 2427 videt
847 2386 1062 2427 volitantia
1085 2385 1198 2425 miris

159 2456 199 2492 et
221 2449 356 2491 varias
382 2449 496 2490 audit
518 2462 660 2498 voces,
685 2447 916 2500 fruiturque
940 2447 1112 2487 deorum

159 2511 376 2565 conloquio
400 2517 524 2564 atque
546 2509 642 2551 imis
665 2508 907 2550 Acheronta
930 2507 1095 2549 adfatur
1117 2506 1312 2548 Avernis.

158 2573 227 2615 hic
251 2580 292 2614 et
315 2579 403 2614 tum
426 2578 542 2627 pater
563 2571 653 2627 ipse
676 2576 821 2626 petens
844 2584 1045 2625 responsa
1067 2569 1246 2610 Latinus

160 2642 325 2677 centum
348 2634 554 2691 lanigeras
578 2632 786 2675 mactabat
808 2632 884 2674 rite
908 2631 1099 2681 bidentis,

161 2703 284 2751 atque
307 2697 455 2738 harum
479 2696 647 2737 effultus
671 2701 789 2751 tergo
814 2694 1035 2747 stratisque
1058 2692 1221 2735 iacebat

161 2757 399 2801 velleribus:
426 2757 562 2800 subita
587 2772 639 2800 ex
662 2757 744 2799 alto
768 2771 852 2799 vox
874 2755 1036 2798 reddita
1058 2755 1152 2796 luco
1177 2759 1258 2796 est:

1410 279 1495 323 215

1524 593 1568 625 60

1528 905 1571 937 65

1534 1217 1575 1248 70

1536 1530 1577 1559 75

1537 1837 1581 1869 80

1540 2148 1583 2179 85

1543 2455 1586 2486 90

1545 2764 1587 2796 95
