1780 3074
595 270 856 309 AENEIDOS
875 270 970 306 LIB.
980 271 1030 306 11.

129 379 313 424 constitit
336 383 460 432 atque
485 376 616 419 oculis
640 375 828 432 Phrygia
852 374 1019 431 agmina
1043 374 1354 430 circumspexit:

131 443 252 495 „heu,
272 455 380 496 quae
397 454 508 482 nunc
527 439 690 489 tellus,“
716 438 862 492 inquit,
884 451 1016 491 „quae
1035 451 1102 478 me
1120 451 1301 491 aequora
1317 441 1494 492 possunt

129 503 340 560 accipere?
364 508 436 544 aut
459 501 560 556 quid
582 501 666 542 iam
689 500 842 542 misero
866 499 968 541 mihi
992 498 1170 553 denique
1192 504 1334 549 restat,

130 566 198 608 cui
221 579 357 620 neque
381 564 494 620 apud
516 563 691 605 Danaos
716 576 894 616 usquam
917 560 1054 610 locus,
1080 566 1121 602 et
1146 574 1272 616 super
1292 560 1375 616 ipsi

129 627 398 671 Dardanidae
421 626 575 668 infensi
598 640 756 681 poenas
781 639 875 667 cum
902 623 1104 680 sanguine
1127 626 1345 679 poscunt.“

130 705 212 745 quo
236 689 395 747 gemitu
419 687 610 730 conversi
633 687 780 737 animi,
806 700 1071 741 compressus
1097 691 1139 727 et
1162 685 1296 727 omnis

130 752 307 807 inpetus.
333 750 548 792 hortamur
570 748 669 799 fari,
694 762 778 802 quo
803 747 1006 803 sanguine
1031 752 1182 796 cretus,

130 814 283 868 quidve
306 812 413 854 ferat
420 828 432 861 3
456 815 675 859 memoret,
701 823 809 864 quae
834 809 887 851 sit
910 808 1063 850 fiducia
1087 814 1222 864 capto.

189 874 381 927 „Cuncta
404 872 597 928 equidem
621 871 714 923 tibi,
738 885 831 922 rex,
856 870 982 912 fuerit
1004 870 1310 926 quodcumque,
1335 871 1498 915 fatebor

130 939 275 987 vera,“
300 935 433 990 inquit
439 951 452 986 ;
479 948 640 988 „neque
663 948 731 976 me
754 932 956 990 Argolica
979 933 1031 975 de
1054 939 1179 989 gente
1203 933 1388 990 negabo3

130 999 210 1041 hoc
233 998 433 1055 primum3
457 1011 554 1047 nec,
581 996 618 1038 si
639 996 840 1038 miserum
864 996 1030 1038 fortuna
1056 994 1259 1038 Sinonem

129 1060 266 1111 finxit,
291 1074 446 1102 vanum
469 1058 594 1101 etiam
617 1058 944 1113 mendacemque
968 1057 1144 1114 inproba
1165 1058 1308 1114 finget.

130 1123 257 1165 fando
282 1121 452 1176 aliquod
476 1121 512 1163 si
536 1120 643 1163 forte
667 1126 760 1162 tuas
784 1120 975 1176 pervenit
998 1120 1053 1162 ad
1076 1120 1188 1162 auris

130 1184 303 1226 Belidae
325 1198 480 1226 nomen
501 1182 741 1225 Palamedis
766 1188 808 1224 et
829 1182 986 1224 incluta
1009 1182 1123 1225 fama

131 1246 280 1303 gloria,
306 1260 430 1300 quem
454 1245 562 1287 falsa
586 1245 664 1287 sub
689 1245 922 1301 proditione
945 1244 1117 1301 Pelasgi

132 1309 339 1350 insontem
362 1307 534 1349 infando
557 1307 729 1358 indicio,
754 1307 854 1362 quia
876 1307 986 1349 bella
1009 1307 1189 1358 vetabat,

132 1370 335 1412 demisere
358 1370 470 1421 neci3
494 1384 606 1411 nunc
630 1384 798 1411 cassum
820 1369 975 1411 lumine
998 1369 1162 1425 lugentg

132 1432 192 1474 illi
215 1447 282 1473 me
306 1432 499 1474 comitem
523 1437 564 1473 et
588 1431 946 1487 consanguinitate
968 1431 1249 1487 propinquum

132 1509 291 1550 pauper
313 1494 357 1535 in
381 1509 495 1535 arma
517 1499 636 1549 pater
659 1493 804 1548 primis
828 1493 911 1534 huc
935 1493 1049 1534 misit
1072 1492 1124 1535 ab
1150 1494 1282 1547 annis.

134 1557 234 1598 dum
259 1555 395 1598 stabat
418 1570 548 1611 regno
571 1555 790 1597 incolumis
814 1569 1045 1611 regumque
1068 1554 1239 1611 vigebat

135 1612 337 1668 conciliis,
364 1623 405 1659 et
427 1632 504 1659 nos
529 1617 698 1671 aliquod
720 1631 954 1671 nomenque
978 1616 1190 1671 decusque

135 1680 355 1737 gessimus.
380 1679 538 1720 invidia
559 1686 783 1735 postquam
806 1678 977 1734 pellacis
1002 1678 1122 1720 Ulixi
1145 1703 1200 1709 —

134 1742 247 1783 haud
269 1742 413 1797 ignota
435 1741 582 1795 loquor
605 1767 661 1772 —
686 1741 847 1796 superis
872 1741 1078 1782 concessit
1102 1740 1155 1782 ab
1179 1740 1274 1790 oris,

136 1803 325 1845 adflictus
348 1802 478 1844 vitam
500 1803 544 1844 in
567 1802 748 1845 tenebris
772 1803 970 1856 luctuque
994 1801 1222 1853 trahebam,

136 1871 177 1907 et
200 1879 344 1906 casum
367 1864 542 1906 insontis
566 1879 731 1906 mecum
753 1864 1002 1920 indignabar
1025 1863 1160 1905 amici.

135 1941 213 1968 nec
237 1926 347 1968 tacui
370 1926 561 1977 demens,
587 1932 629 1968 et
651 1941 738 1977 me,
763 1926 850 1968 fors
876 1926 912 1967 si
935 1940 1019 1980 qua
1043 1926 1216 1976 tulisset,

137 1988 174 2031 si
195 1988 351 2044 patrios
375 2003 575 2042 umquam
597 2003 851 2031 remeassem
874 1988 1008 2030 victor
1031 1988 1085 2029 ad
1106 1986 1263 2044 Argos,

136 2050 309 2106 promisi
332 2050 508 2092 ultorem
532 2056 573 2092 et
595 2050 735 2093 verbis
760 2050 856 2092 odia
880 2065 1029 2106 aspera
1051 2049 1177 2092 movi.

137 2112 233 2154 hinc
256 2113 358 2154 mihi
379 2113 513 2168 prima
535 2113 635 2154 mali
656 2112 792 2163 labes,
817 2112 915 2154 hinc
939 2127 1104 2168 semper
1126 2112 1276 2154 Ulixes

139 2173 378 2215 criminibus
403 2180 555 2215 terrere
578 2174 717 2224 novis,
742 2174 840 2216 hinc
863 2188 1059 2230 spargere
1083 2188 1208 2216 voces

138 2235 184 2276 in
205 2235 377 2290 volgum
400 2234 619 2290 ambiguas
644 2241 686 2276 et
708 2250 907 2289 quaerere
932 2235 1123 2277 conscius
1149 2251 1276 2277 arma.

140 2309 217 2336 nec
239 2295 442 2348 requievit
465 2296 594 2346 enim,
619 2296 752 2338 donec
777 2295 1007 2338 Calchante
1030 2296 1220 2337 ministro
1244 2321 1300 2326 --

143 2356 217 2397 sed
239 2355 341 2409 quid
363 2370 442 2411 ego
465 2356 570 2397 haec
593 2363 732 2398 autem
755 2358 1010 2411 nequiquam
1031 2358 1196 2413 ingrata
1218 2356 1414 2398 revolvo?

142 2417 294 2471 quidve
317 2431 472 2466 moror,
498 2416 535 2458 si
558 2418 691 2458 omnis
716 2432 798 2458 uno
822 2418 965 2459 ordine
989 2418 1153 2459 habetis
1176 2417 1379 2466 Achivos,

142 2479 267 2533 idque
291 2478 433 2520 audire
458 2484 522 2520 sat
545 2478 632 2520 est?
654 2478 898 2520 iamdudum
923 2479 1073 2520 sumite
1095 2493 1273 2533 poenas3

142 2540 222 2582 hoo
245 2540 415 2582 Ithacus
440 2540 557 2590 velit,
583 2545 624 2581 et
645 2554 800 2595 magno
822 2546 1058 2581 mercentur
1079 2539 1294 2581 Atridae.“

201 2602 312 2643 Tum
335 2615 434 2643 vero
457 2601 651 2643 ardemus
676 2601 814 2644 scitari
838 2607 880 2643 et
902 2615 1098 2655 quaerere
1122 2615 1306 2651 caussas,

144 2663 279 2719 ignari
302 2663 505 2705 scelerum
528 2669 735 2705 tantorum
759 2663 942 2717 artisque
965 2662 1185 2719 Pelasgae.

145 2725 406 2779 prosequitur
427 2725 638 2781 pavitans,
664 2731 705 2767 et
728 2725 824 2767 ficto
847 2730 1013 2780 pectore
1036 2725 1164 2766 fatur:

1409 260 1488 302 111

1520 511 1561 541 70

1523 824 1564 853 75

1522 1133 1566 1164 80

1526 1445 1568 1476 85

1529 1753 1572 1784 90

1530 2063 1573 2093 95

1533 2370 1597 2399 100

1531 2678 1595 2708 105
