1800 3080
578 361 838 401 AENEIDOS
859 361 957 399 LIB.
976 361 1064 398 ΧΠ.
1421 349 1506 393 339

194 472 280 516 Vix
304 463 488 514 casatus
514 474 618 512 erat:
642 467 803 510 medios
827 464 958 516 volat,
985 478 1099 516 ecce,
1123 478 1200 521 per
1222 464 1363 508 hostes
1531 477 1597 508 650

138 542 282 578 vectus
307 548 414 588 equo
440 537 660 588 spumante
687 528 837 580 Saces,
863 528 1042 572 adversa
1065 527 1219 583 sagitta

138 597 303 640 saucius
328 611 419 646 ora,
443 594 607 648 ruitque
631 592 844 649 inplorans
867 589 1034 633 nomine
1058 589 1266 633 Turnum:

141 661 326 713 „Tm-ne,
351 659 396 700 in
418 664 458 700 te
484 671 679 714 suprema
702 655 837 706 salus;
861 653 1057 696 miserere
1081 657 1260 697 tuorum.

137 722 329 764 fulminat
351 719 522 763 Aeneas
546 719 691 769 armis,
718 730 987 771 summasque
1010 714 1191 758 minatur

136 785 393 827 deiecturum
416 797 532 824 arces
555 781 710 823 Italum
734 778 980 833 excidioque
1003 778 1216 827 daturum3
1533 788 1598 819 655

136 846 304 901 iamque
329 845 443 887 faces
469 844 524 886 ad
547 849 657 886 tecta
680 842 834 885 volant.
859 841 904 883 in
927 846 967 883 te
992 854 1065 883 ora
1087 839 1244 891 Latini,

135 909 179 950 in
202 914 242 950 te
267 907 408 950 oculos
433 906 618 949 referunt
625 922 638 956 3
662 909 826 947 mussat
848 918 923 946 rex
946 903 1037 958 ipse
1060 902 1255 952 Latinus,

135 985 241 1026 quos
265 984 441 1026 generos
465 974 588 1011 vocet
610 974 683 1010 aut
706 981 813 1022 quae
838 980 930 1009 sese
955 965 1010 1008 ad
1033 964 1203 1009 foedera
1224 964 1375 1007 flectat.

135 1037 348 1088 praeterea
371 1030 534 1087 regina,
560 1030 622 1072 tui
644 1029 868 1078 fidissima,
893 1028 1041 1070 dextra

135 1093 286 1136 occidit
308 1093 402 1149 ipsa
426 1107 520 1142 sua,
546 1092 767 1146 lucemque
791 1090 988 1132 exterrita
1010 1088 1132 1146 fugit.
1534 1101 1599 1132 660

136 1155 214 1198 soli
236 1170 312 1211 pro
335 1155 466 1211 portis
489 1154 717 1210 Messapus
744 1159 785 1195 et
808 1167 905 1195 acer
926 1150 1079 1194 Atinas

136 1224 369 1260 sustentant
392 1217 515 1259 acies.
540 1217 696 1259 circum
719 1215 798 1258 hos
821 1214 1030 1269 utrimque
1053 1213 1284 1270 phalanges

137 1286 248 1323 stant
271 1281 444 1331 densae,
471 1280 709 1334 strictisque
735 1293 859 1335 seges
882 1276 1151 1320 mucronibus
1175 1277 1314 1318 horret

136 1343 289 1386 ferrea:
314 1349 360 1384 tu
383 1357 549 1384 currum
573 1342 737 1384 deserto
761 1341 805 1383 in
828 1341 1016 1397 gramine
1040 1342 1226 1382 versas.“

137 1404 352 1460 obstupuit
375 1404 491 1446 varia
514 1403 714 1446 confusus
738 1403 919 1459 imagine
943 1417 1082 1444 rerum
1535 1413 1600 1443 665

138 1466 305 1509 Turnus
331 1473 370 1508 ct
396 1466 544 1508 obtutu
568 1466 692 1507 tacito
718 1465 849 1515 stetit3
876 1470 1040 1507 aestuat
1062 1464 1211 1520 ingens

138 1544 220 1571 uno
243 1529 286 1570 in
311 1529 434 1570 corde
457 1529 593 1584 pudor
615 1528 830 1582 mixtoque
854 1526 1018 1568 insania
1039 1526 1158 1568 luctu

136 1597 178 1632 et
200 1590 318 1633 furiis
343 1591 525 1647 agitatus
551 1604 668 1632 amor
692 1595 733 1631 et
757 1589 925 1631 conscia
947 1588 1092 1630 virtus.

137 1659 183 1694 ut
206 1653 387 1708 primum
411 1653 626 1695 discussae
649 1651 822 1694 umbrae
848 1657 889 1693 et
911 1651 986 1692 lux
1008 1650 1171 1692 reddita
1194 1650 1335 1699 menti,

136 1715 327 1757 ardentes
352 1715 567 1758 oculorum
588 1713 714 1756 orbes
738 1714 793 1756 ad
815 1713 980 1755 moenia
1003 1712 1123 1755 torsit
1531 1723 1597 1754 670

136 1776 347 1828 turbidus,
373 1791 479 1832 eque
502 1777 603 1819 rotis
626 1791 826 1832 magnam
848 1775 1033 1831 respexit
1058 1775 1112 1816 ad
1135 1774 1294 1816 urbem.

137 1853 233 1882 ecce
258 1845 416 1889 autem,
441 1838 620 1881 flammis
644 1838 753 1880 inter
776 1837 963 1880 tabulata
985 1836 1153 1879 volutus

137 1902 191 1943 ad
215 1901 375 1943 caelum
399 1899 585 1943 undabat
607 1906 752 1943 vertex
776 1900 1003 1954 turrimque
1028 1898 1208 1949 tenebat,

136 1963 299 2013 turrim,
326 1963 552 2019 compactis
576 1962 764 2005 trabibus
789 1976 915 2017 quam
940 1962 1140 2004 eduxerat
1162 1961 1253 2016 ipse

136 2023 457 2079 subdideratque
480 2030 594 2067 rotas
615 2024 840 2080 pontisque
864 2024 1115 2066 instraverat
1138 2023 1256 2064 altos.
1534 2034 1599 2064 675

138 2087 246 2138 „iam
269 2086 352 2129 iam
376 2086 481 2137 fata,
509 2100 642 2137 soror,
669 2091 886 2142 superant3
911 2085 1068 2128 absiste
1091 2084 1261 2135 morari3

135 2163 218 2203 quo
242 2148 344 2191 deus
370 2154 411 2190 et
434 2163 518 2203 quo
543 2148 648 2191 dura
670 2154 794 2191 vocat
817 2147 984 2190 fortuna
1008 2162 1244 2202 sequamur.

136 2215 218 2253 stat
241 2210 427 2253 conferre
452 2226 622 2252 manum
645 2209 837 2260 Aeneae,
865 2215 966 2260 stat,
992 2210 1196 2264 quidquid
1220 2207 1360 2250 acerbi
1384 2214 1460 2257 est,

134 2277 267 2314 morte
289 2271 394 2327 pati,
420 2286 556 2325 neque
578 2286 647 2312 me
669 2271 925 2321 indecorem,
952 2286 1170 2327 germana,
1196 2270 1358 2311 videbis

135 2333 327 2389 amplius.
351 2332 480 2383 hunc,
507 2347 597 2382 oro,
625 2333 713 2374 sine
738 2347 805 2374 me
829 2332 966 2374 furere
991 2338 1086 2374 ante
1111 2332 1336 2373 furorem.“
1534 2342 1598 2374 680

136 2395 239 2437 dixit
264 2400 305 2436 et
328 2408 351 2436 e
375 2408 498 2435 curru
523 2394 675 2435 saltum
698 2394 812 2435 dedit
836 2394 951 2435 ocius
977 2394 1099 2443 arvis,

134 2470 292 2513 perque
315 2455 466 2505 hostis,
492 2470 567 2510 per
590 2455 674 2496 tela
695 2455 797 2505 ruit,
823 2460 1108 2508 maestamque
1134 2468 1317 2495 sororem

136 2517 289 2560 deserit
312 2531 362 2559 ac
383 2517 529 2572 rapido
554 2531 679 2558 cursu
702 2517 839 2558 media
862 2516 1031 2573 agmina
1053 2517 1220 2571 rumpit.

135 2594 184 2622 ac
207 2579 335 2622 veluti
359 2579 512 2627 montis
538 2593 687 2620 saxum
711 2579 763 2620 de
787 2579 940 2620 vertice
964 2592 1164 2633 praeceps

136 2655 231 2682 cum
253 2640 356 2691 ruit,
382 2639 571 2682 avolsum
597 2645 738 2690 vento,
766 2654 842 2682 scu
864 2639 1054 2682 turbidus
1078 2639 1212 2681 imber
1492 2688 1495 2689 ⁷
1531 2650 1595 2682 685

134 2702 286 2757 proluit
310 2709 381 2744 aut
407 2703 526 2744 annis
552 2702 676 2744 solvit
700 2701 899 2757 sublapsa
922 2708 1128 2753 vetustam

135 2764 266 2821 fertur
288 2765 332 2807 in
356 2764 578 2821 abruptum
602 2779 756 2820 magno
780 2779 900 2806 mons
924 2763 1124 2820 inprobus
1150 2770 1257 2815 actu,

136 2825 396 2881 exsultatque
422 2827 531 2877 solo,
558 2826 702 2876 silvas,
729 2832 916 2868 armenta
939 2826 1133 2880 virosque

1190 2897 1274 2934 22*
