1794 3048
363 287 417 328 92
766 296 808 330 P.
828 294 1058 330 VERGILII
1077 293 1303 330 MARONIS

361 397 606 453 franguntur
629 396 729 437 remi
737 412 748 444 3
774 401 860 435 tum
884 409 1047 450 proram
1071 393 1214 436 avertit
1239 400 1277 435 et
1301 395 1421 437 undis

276 471 337 502 105
364 459 434 499 dat
457 459 562 499 latus
570 472 582 506 3
606 455 834 509 insequitur
857 455 1020 496 cumulo
1043 460 1285 509 praeruptus
1309 469 1438 508 aquae
1462 471 1590 498 mons.

275 772 335 802 110

275 1077 334 1106 115

276 1380 335 1410 120

275 1684 335 1715 125

277 1991 336 2021 130

276 2297 337 2327 135

279 2601 338 2631 140

359 518 403 559 hi
427 531 586 559 summo
610 517 654 557 in
675 516 801 557 fluctu
824 515 1021 570 pendent3
1046 515 1109 556 his
1136 515 1245 556 unda
1268 515 1482 558 dehiscens

362 584 510 619 terram
533 577 638 618 inter
659 576 808 617 fluctus
834 577 980 631 aperit3
1005 576 1102 617 furit
1125 584 1262 617 aestus
1286 576 1431 618 arenis.

359 638 430 679 tris
455 644 574 679 notus
599 637 788 692 abreptas
811 637 855 678 in
878 652 978 680 saxa
999 637 1166 678 latentia
1188 644 1348 690 torquet
1373 661 1426 668 --

361 713 461 739 saxa
484 703 632 739 vocant
654 697 767 748 Itali,
792 698 937 740 mediis
962 712 1066 752 quae
1090 697 1132 738 in
1155 697 1364 746 fluctibus,
1388 697 1498 739 Aras
1523 723 1577 728 —

358 759 525 800 dorsum
548 759 710 800 inmane
734 759 837 800 mari
861 774 1019 801 summo
1027 775 1038 810 ;
1062 759 1133 800 tris
1159 773 1281 801 eurus
1306 759 1358 801 ab
1382 759 1464 801 alto

358 819 401 860 in
424 819 564 861 brevia
587 825 627 861 et
652 818 786 875 Syrtis
810 826 975 876 urguet,
1000 819 1230 861 miserabile
1254 820 1359 870 visu,

358 879 571 935 inliditque
594 881 710 922 vadis
735 888 856 935 atque
879 895 1032 937 aggere
1056 881 1183 936 cingit
1206 895 1365 922 arenae.

359 955 500 991 unam,
525 955 630 994 quae
654 941 808 996 Lycios
831 942 1040 995 fidumque
1064 940 1241 983 vehebat
1265 939 1465 991 Oronten,

358 1001 488 1056 ipsius
512 1008 605 1043 ante
629 1001 768 1044 oculos
790 1002 937 1058 ingens
963 1017 989 1044 a
1010 1003 1161 1044 vertice
1184 1008 1332 1058 pontus

358 1063 401 1104 in
423 1063 593 1118 puppim
616 1063 728 1106 ferit:
751 1064 952 1105 excutitur
976 1078 1210 1120 pronusque
1234 1063 1429 1119 magister

357 1124 534 1165 volvitur
555 1124 598 1165 in
621 1130 761 1180 caput3
786 1131 848 1166 ast
871 1125 983 1167 illam
1006 1131 1066 1166 ter
1089 1124 1235 1166 fluctus
1259 1124 1412 1166 ibidem

359 1191 520 1239 torquet
543 1200 670 1241 agens
695 1186 865 1236 circum,
891 1192 932 1227 et
954 1186 1120 1241 rapidus
1145 1192 1262 1227 vorat
1285 1200 1460 1240 aequore
1485 1192 1636 1228 vertex.

360 1246 557 1300 adparent
579 1246 659 1287 rari
683 1252 827 1288 nantes
850 1247 894 1287 in
916 1247 1078 1302 gurgite
1102 1252 1231 1296 vasto,

359 1321 472 1348 arma
495 1307 626 1348 virum
653 1306 894 1361 tabulaeque
918 1313 959 1349 et
982 1307 1107 1349 Troia
1129 1322 1235 1363 gaza
1257 1321 1331 1362 per
1353 1307 1498 1348 undas.

359 1367 440 1408 iam
464 1367 640 1409 validam
663 1368 809 1409 Ilionei
831 1382 996 1418 navem,
1021 1368 1103 1409 iam
1128 1367 1242 1409 fortis
1266 1366 1466 1416 Achatae,

359 1434 400 1469 et
422 1443 505 1482 qua
527 1435 670 1470 vectus
693 1428 831 1479 Abas,
858 1434 899 1470 et
921 1443 1003 1483 qua
1026 1428 1284 1484 grandaevus
1308 1427 1466 1478 Aletes,

359 1489 455 1531 vicit
477 1489 608 1530 hiems
616 1505 627 1539 ;
652 1489 755 1531 laxis
779 1489 952 1531 laterum
975 1489 1228 1545 conpagibus
1253 1503 1394 1531 omnes

360 1550 564 1605 accipiunt
586 1550 796 1592 inimicum
818 1551 991 1593 imbrem
1013 1551 1208 1604 rimisque
1232 1550 1438 1592 fatiscunt.

414 1611 578 1653 Interea
600 1614 751 1667 magno
774 1612 938 1654 misceri
959 1626 1166 1653 murmure
1188 1617 1372 1667 pontum,

362 1672 635 1726 emissamque
658 1673 836 1715 hiemem
861 1673 988 1715 sensit
1010 1673 1225 1728 Neptunus
1250 1678 1290 1714 et
1313 1673 1405 1713 imis

360 1739 505 1789 stagna
526 1734 666 1776 refusa
689 1735 804 1776 vadis
828 1735 1007 1790 graviter
1030 1739 1261 1783 conmotus,
1287 1739 1327 1775 et
1350 1733 1432 1774 alto

360 1795 611 1850 prospiciens
637 1811 796 1837 summa
817 1796 1025 1851 placidum
1050 1801 1172 1850 caput
1195 1794 1339 1836 extulit
1362 1794 1484 1835 unda.

360 1855 572 1897 disiectam
594 1855 763 1898 Aeneae
787 1862 872 1898 toto
896 1857 1008 1898 videt
1031 1870 1206 1910 aequore
1230 1855 1416 1906 classem,

361 1916 550 1958 fluctibus
575 1931 795 1972 oppressos
820 1918 951 1959 Troas
976 1917 1158 1971 caelique
1181 1917 1310 1958 ruina.

360 1991 435 2018 nee
456 1977 610 2019 latuere
634 1978 717 2020 doli
739 1978 907 2020 fratrem
929 1978 1099 2020 Iunonis
1124 1984 1164 2019 et
1186 1978 1282 2018 irae.

362 2053 504 2080 eurum
528 2039 581 2080 ad
605 2054 649 2082 se
672 2039 978 2095 zephyrumque
1001 2044 1138 2088 vocat,
1164 2039 1311 2079 dehinc
1335 2038 1431 2079 talia
1456 2037 1580 2079 fatur:

419 2100 632 2151 „Tantane
655 2115 730 2142 vos
754 2101 915 2156 generis
940 2100 1069 2141 tenuit
1092 2100 1241 2141 fiducia
1263 2099 1412 2140 vestri?

360 2161 442 2202 iam
466 2161 623 2204 caelum
646 2167 874 2216 terramque
897 2176 989 2203 meo
1014 2161 1101 2203 sine
1123 2160 1308 2210 numine,
1332 2160 1455 2210 venti,

362 2222 532 2265 miscere
556 2229 596 2264 et
620 2229 753 2265 tantas
778 2223 936 2264 audetis
960 2222 1100 2264 tollere
1123 2221 1278 2263 moles?

362 2298 465 2337 quos
490 2284 586 2340 ego!
613 2285 686 2326 sed
708 2290 841 2326 motos
866 2289 1047 2339 praestat
1070 2296 1298 2338 conponere
1321 2282 1480 2324 fluetus.

360 2351 454 2399 post
477 2346 576 2387 mihi
598 2361 682 2388 non
705 2346 827 2388 simili
850 2360 983 2401 poena
1006 2344 1226 2387 commissa
1248 2343 1381 2384 luetis.

361 2412 560 2448 maturate
583 2407 746 2463 fugam,
771 2407 939 2462 regique
962 2406 1065 2448 haee
1089 2404 1210 2447 dieite
1232 2409 1387 2446 vestro:

361 2480 442 2507 non
466 2467 523 2508 illi
545 2468 760 2523 imperium
782 2467 920 2523 pelagi
944 2480 1192 2520 saevumque
1217 2465 1442 2513 tridentem,

363 2528 436 2569 sed
459 2529 559 2570 mihi
583 2535 690 2571 sorte
713 2529 865 2570 datum.
891 2534 1000 2570 tenet
1023 2528 1090 2569 ille
1113 2526 1292 2568 inmania
1315 2540 1425 2574 saxa,

362 2595 537 2640 vestras,
563 2605 675 2640 eure,
701 2591 864 2640 domos;
888 2589 958 2631 illa
982 2604 1025 2631 se
1048 2590 1170 2630 iactet
1193 2588 1235 2628 in
1258 2587 1352 2628 aula

363 2648 519 2692 Aeolus
544 2657 584 2692 et
607 2651 746 2693 clauso
770 2657 983 2693 ventorum
1009 2664 1169 2692 carcere
1191 2650 1372 2704 regnet.“

421 2710 491 2753 Sic
515 2712 588 2762 ait,
614 2718 654 2753 et
677 2713 786 2754 dicto
810 2712 928 2753 eitius
952 2711 1108 2753 tumida
1132 2724 1307 2763 aequora
1329 2707 1473 2763 placat,
