1780 3074
566 298 865 337 GEORGICON
883 299 980 335 LIB.
999 300 1049 336 ΙΙ.

124 405 346 464 agricolas!
373 404 524 460 quibus
549 404 659 461 ipsa,
685 403 829 459 procul
854 403 1114 446 discordibus
1139 404 1277 455 armis,

123 469 260 511 fundit
282 468 410 510 humo
435 464 602 509 facilem
625 466 782 508 victum
804 467 1034 509 iustissima
1058 467 1192 510 tellus.
1260 491 1267 494 ν

124 532 158 573 si
183 546 266 573 non
290 531 502 587 ingentem
526 528 685 571 foribus
710 529 860 571 domus
884 529 968 571 alta
992 529 1183 585 superbis

123 607 244 635 mane
270 592 524 635 salutantum
547 591 643 633 totis
668 591 798 633 vomit
821 591 994 634 aedibus
1019 592 1187 643 undam,

121 670 198 697 nec
221 654 359 696 varios
383 654 543 695 inhiant
566 653 740 709 pulchra
762 653 970 695 testudine
992 660 1147 709 postes,

121 718 361 772 inlusasque
385 731 486 758 auro
510 722 648 758 vestes
672 715 969 771 Ephyreiaque
993 731 1101 767 aera,

121 779 216 822 alba
239 793 374 832 neque
398 777 578 832 Assyrio
602 777 768 818 fucatur
790 777 886 818 lana
908 792 1084 828 veneno,

121 856 198 883 ncc
222 840 334 882 casia
356 840 502 894 liquidi
526 839 802 894 corrumpitur
824 853 927 881 usus
952 839 1068 881 olivi:

121 910 165 946 at
188 917 334 945 secura
356 902 474 956 quies
500 907 541 943 et
564 900 706 942 nescia
729 900 872 943 fallere
895 901 994 952 vita,

121 965 237 1007 dives
263 979 390 1020 opum
413 963 639 1014 variarum,
665 968 708 1005 at
730 963 824 1005 latis
850 963 934 1005 otia
957 963 1113 1015 fundis,

122 1027 343 1083 speluncae
367 1025 534 1080 vivique
557 1025 693 1076 lacus,
720 1031 762 1067 at
786 1024 941 1082 frigida
965 1025 1126 1082 Tempe

121 1089 389 1146 mugitusque
414 1087 542 1131 boum
566 1087 797 1143 mollesque
823 1087 901 1130 sub
927 1088 1074 1131 arbore
1099 1090 1233 1132 somni

119 1167 205 1194 non
228 1151 397 1203 absunt3
422 1151 505 1193 illic
529 1150 659 1192 saltus
684 1165 734 1192 ac
756 1150 889 1192 lustra
913 1150 1107 1202 ferarum,

121 1221 162 1257 et
183 1215 345 1271 patiens
370 1228 543 1270 operum
567 1213 803 1270 exiguoque
828 1213 1003 1256 adsueta
1026 1214 1233 1265 iuventus,

122 1292 239 1320 sacra
263 1277 387 1319 deum
412 1276 626 1330 sanctique
650 1281 809 1332 patres:
835 1282 1022 1319 extrema
1043 1291 1119 1333 per
1141 1277 1234 1319 illos

121 1339 277 1381 iustitia
301 1339 506 1381 excedens
532 1338 650 1380 terris
674 1338 854 1394 vestigia
876 1338 989 1380 fecit.

177 1401 252 1444 Me
275 1416 374 1443 vero
398 1401 580 1457 primum
603 1400 747 1442 dulces
772 1406 867 1442 ante
893 1401 1033 1443 omnia
1055 1401 1222 1453 Musae,

120 1479 297 1518 quarum
322 1478 440 1506 sacra
462 1463 551 1506 fero
574 1463 733 1520 ingenti
755 1478 982 1518 percussus
1007 1479 1160 1515 amore,

121 1526 346 1582 accipiant,
373 1526 558 1580 caelique
582 1526 672 1567 vias
698 1531 739 1568 et
764 1525 900 1568 sidera
922 1532 1166 1579 monstrent,

121 1589 310 1632 defectus
336 1589 435 1631 solis
459 1588 598 1631 varios
622 1588 829 1643 lunaeque
853 1588 1038 1641 labores3

121 1652 231 1694 unde
255 1657 408 1694 tremor
431 1651 570 1702 terris,
596 1666 680 1705 qua
703 1651 746 1693 vi
770 1651 901 1694 maria
926 1651 1010 1694 alta
1033 1658 1268 1694 tumescant

121 1713 309 1756 obicibus
333 1714 464 1769 ruptis
488 1728 718 1768 rursusque
741 1713 786 1755 in
810 1728 855 1756 se
879 1714 972 1770 ipsa
996 1715 1193 1765 residant,

120 1776 221 1830 quid
245 1782 406 1817 tantum
433 1774 605 1818 Oceano
628 1782 851 1831 properent
875 1790 920 1817 se
945 1776 1134 1832 tinguere
1159 1776 1269 1819 soles

120 1837 299 1889 hiberni,
325 1837 391 1879 vel
415 1852 522 1892 quae
546 1837 673 1879 tardis
698 1852 816 1879 mora
838 1837 1031 1880 noctibus
1056 1837 1205 1881 obstet.

122 1901 204 1951 sin,
229 1900 305 1942 has
330 1914 383 1941 ne
405 1900 566 1955 possim
589 1905 761 1941 naturae
786 1900 984 1942 accedere
1007 1906 1160 1956 partes,

120 1963 296 2019 frigidus
322 1961 527 2004 obstiterit
551 1961 707 2004 circum
728 1962 973 2017 praecordia
996 1963 1181 2019 sanguis,

120 2041 216 2067 rura
239 2024 341 2066 mihi
365 2030 406 2066 et
427 2023 538 2081 rigui
559 2024 752 2080 placeant
775 2024 819 2066 in
841 2024 1022 2067 vallibus
1047 2039 1205 2075 amnes,

120 2087 292 2129 flumina
315 2102 451 2129 amem
475 2087 684 2142 silvasque
707 2087 923 2143 inglorius.
955 2102 999 2138 o,
1024 2086 1098 2130 ubi
1122 2087 1259 2143 campi

123 2147 434 2205 Sperchiusque
458 2155 500 2191 et
522 2148 754 2206 virginibus
779 2149 982 2192 bacchata
1004 2150 1215 2192 Lacaenis

122 2210 331 2267 Taygeta!
356 2226 399 2262 o,
426 2211 498 2266 qui
521 2226 588 2253 me
612 2211 761 2268 gelidis
787 2211 1045 2254 convaHibus
1070 2211 1226 2254 Haemi

123 2273 242 2315 sistat
265 2278 306 2315 et
328 2273 487 2329 ingenti
508 2288 718 2315 ramorum
740 2280 932 2330 protegat
955 2273 1121 2316 umbral

123 2335 242 2385 felix,
268 2335 340 2389 qui
362 2335 497 2390 potuit
520 2351 659 2377 rerum
683 2350 935 2392 cognoscere
959 2351 1132 2379 caussas

124 2403 247 2451 atque
271 2402 406 2438 metus
431 2397 565 2438 omnis
591 2403 632 2439 et
654 2397 908 2441 inexorabile
932 2399 1066 2440 fatum

125 2458 300 2501 subiecit
323 2458 499 2514 pedibus
525 2459 825 2514 strepitumque
848 2459 1103 2502 Acherontis
1129 2459 1262 2502 avari!

124 2521 358 2563 fortunatus
384 2526 425 2562 et
447 2521 535 2571 ille,
561 2521 662 2563 deos
688 2521 760 2575 qui
785 2522 901 2563 novit
925 2528 1110 2578 agrestes

124 2582 324 2638 Panaque
351 2581 653 2637 Silvanumque
678 2598 820 2625 senem
843 2583 1142 2639 Nymphasque
1168 2582 1350 2625 sorores!

123 2645 240 2686 illum
264 2660 348 2688 non
370 2645 515 2701 populi
538 2645 694 2696 fasces,
719 2660 804 2688 non
826 2660 1010 2702 purpura
1032 2660 1180 2703 regum

125 2707 240 2749 flexit
263 2714 304 2749 et
327 2707 476 2750 infidos
501 2707 664 2764 agitans
689 2708 896 2750 discordia
919 2708 1082 2759 fratres,

127 2774 197 2810 aut
220 2769 430 2812 coniurato
454 2770 710 2813 descendens
734 2770 881 2813 Dacus
907 2770 959 2813 ab
983 2770 1144 2823 Histro,

1516 481 1582 512 460

1517 794 1584 824 465

1518 1103 1585 1134 470

1518 1416 1584 1447 475

1518 1727 1586 1759 480

1518 2037 1584 2070 485

1518 2348 1586 2379 490

1518 2659 1585 2692 495
