1800 3106
0 2362 3 2366 “
0 2256 13 2351 uiua-W*
0 2244 1 2247 Α
0 2231 1 2236 ⁴

583 281 842 318 AENEmos
859 280 960 315 12113.
980 280 1047 315 XI.
1289 255 1292 257 ’
1414 270 1497 312 307

132 399 196 435 est
219 391 400 440 animus,
425 393 684 445 possuntque
709 385 799 428 solo
823 384 1024 427 decedere
1047 391 1202 434 nostro,
1526 396 1590 426 325

133 455 197 497 bis
222 454 352 496 denas
376 451 483 494 Italo
508 457 699 492 texamus
722 447 871 491 robore
895 447 1027 497 navis,

133 532 208 560 seu
230 516 370 573 plures
396 513 589 570 conplere
612 512 771 563 valent3
795 511 903 553 iacet
926 510 1062 552 omnis
1087 509 1141 551 ad
1164 509 1318 551 undam

132 578 345 629 materies3
369 576 451 633 ipsi
473 588 775 629 numerumque
799 572 1054 627 modumque
1079 572 1229 614 carinis

132 641 405 697 praecipiant,
430 653 507 681 nos
532 652 646 688 aera,
672 651 840 687 manus,
866 635 1032 677 navalia
1055 635 1216 676 demus.

131 710 363 761 praeterea,
389 701 462 757 qui
485 701 596 743 dicta
619 699 756 742 ferant
779 704 821 741 et
843 698 1015 740 foedera
1037 697 1216 747 firment,
1529 710 1595 741 3:30

132 771 300 808 centum
323 771 506 807 oratores
529 762 665 819 prima
688 762 741 804 de
764 766 889 818 gente
913 760 1091 802 Latinos

132 828 192 870 ire
214 827 370 884 placet,
395 825 594 882 pacisque
619 838 747 866 manu
769 822 1040 879 praetendere
1063 836 1218 872 ramos,

133 904 306 932 munera
328 887 530 945 portantis
554 886 726 941 aurique
750 885 972 940 eborisque
996 884 1152 926 talenta

132 960 175 995 et
198 952 342 995 sellam
365 951 484 1008 regni
507 949 776 1004 trabeamque
799 947 982 1004 insignia
1004 947 1150 989 nostri.
1401 1003 1404 1006 ἡ

133 1014 335 1058 consulite
358 1014 403 1055 in
425 1012 610 1055 medium
634 1017 676 1053 et
698 1010 823 1053 rebus
849 1010 1077 1052 succurrite
1101 1009 1268 1050 fessis.“
1531 1019 1596 1050 335

190 1077 301 1119 Tum
323 1075 534 1125 Drances,
558 1074 672 1116 idem
695 1073 904 1123 infensus,
929 1086 1055 1127 quem
1078 1071 1212 1127 gloria
1237 1070 1369 1111 Turni

134 1139 303 1194 obliqua
325 1138 483 1181 invidia
508 1136 769 1191 stimulisque
793 1134 980 1192 agitabat
1002 1133 1167 1182 amaris,

134 1202 275 1259 largus
299 1216 427 1257 opum
450 1206 492 1242 et
520 1200 664 1256 lingua
687 1198 850 1248 melior,
877 1197 952 1239 sed
974 1196 1129 1253 frigida
1153 1195 1261 1237 bcllo

135 1263 323 1313 dextera,
349 1262 532 1305 consiliis
556 1260 724 1303 habitus
748 1275 833 1302 non
855 1259 987 1301 futilis
1012 1264 1168 1307 auctor,

138 1325 338 1367 seditione
359 1330 527 1381 potens;
552 1337 684 1379 genus
709 1322 806 1364 huic
830 1328 1017 1364 materna
1041 1319 1268 1376 superbum
1534 1332 1599 1362 340

136 1387 330 1431 nobilitas
355 1386 500 1436 dabat,
524 1386 728 1428 incertum
752 1385 804 1426 de
828 1391 944 1440 patre
968 1383 1147 1433 ferebat3

139 1449 271 1507 surgit
294 1455 335 1491 et
358 1449 424 1491 his
448 1454 592 1490 onerat
614 1447 735 1488 dictis
761 1452 884 1500 atque
909 1451 1082 1502 aggerat
1103 1445 1207 1486 iras:

140 1526 254 1564 „rem
277 1511 380 1553 nulli
404 1510 643 1560 obscuram,
668 1515 835 1551 nostrae
859 1522 937 1550 nec
960 1508 1076 1550 vocis
1101 1513 1306 1563 egentem,

138 1574 340 1625 consulis,
365 1588 390 1616 0
413 1572 522 1616 bone
545 1586 640 1624 rex3
665 1571 802 1614 cuncti
827 1585 872 1613 se
898 1570 1002 1612 scire
1027 1569 1222 1620 fatentur,

138 1637 240 1692 quid
263 1636 429 1678 fortuna
452 1635 559 1677 serat
580 1633 744 1690 populi,
771 1633 846 1675 sed
869 1633 1006 1674 dicere
1029 1638 1232 1674 mussant.
1535 1643 1599 1673 345

138 1700 209 1741 det
231 1699 464 1740 libertatem
488 1697 623 1746 fandi,
649 1696 856 1750 flatusque
879 1695 1074 1744 remittat,

139 1760 257 1802 cuius
283 1759 336 1802 ob
361 1759 592 1815 auspicium
616 1758 845 1800 infaustum
869 1771 1090 1812 moresque
1115 1757 1303 1798 sinistros
1328 1781 1383 1786 —

139 1823 276 1865 dicam
300 1822 510 1877 equidem,
536 1821 632 1863 licet
655 1836 771 1862 arma
794 1820 897 1861 mihi
920 1826 1179 1873 mortemque
1203 1819 1384 1860 minetur
1406 1843 1462 1848 —

139 1885 297 1927 lumina
320 1890 381 1926 tot
404 1883 604 1926 cecidisse
629 1884 783 1925 ducum
806 1889 1019 1936 totamque
1045 1882 1234 1923 videmus

140 1947 378 1990 consedisse
401 1947 547 1988 urbem
570 1945 703 1996 luctu,
729 1946 830 1987 dum
855 1945 982 1987 Troia
1005 1950 1180 2000 temptat
1535 1955 1600 1986 350

139 2015 292 2060 castra,
317 2010 443 2066 fugae
465 2009 620 2059 fidens,
646 2014 688 2050 et
710 2004 872 2050 caelum
896 2007 1055 2048 territat
1077 2007 1216 2048 armis.

139 2087 268 2114 unum
292 2072 416 2114 etiam
440 2071 559 2113 donis
584 2071 695 2122 istis,
721 2085 828 2125 quae
851 2069 1031 2126 plurima
1053 2069 1162 2110 mitti

138 2134 392 2176 Dardanidis
416 2133 580 2188 dicique
603 2132 742 2183 iubes,
766 2147 915 2183 unum,
941 2132 1095 2188 optime
1119 2146 1280 2188 regum,

139 2196 314 2246 adicias,
338 2210 416 2237 nec
439 2202 480 2237 te
502 2196 628 2237 ullius
652 2195 850 2237 violentia
871 2195 1024 2244 vincat,

140 2258 240 2312 quin
263 2263 404 2300 natam
428 2258 596 2314 egregio
621 2271 775 2314 genero
798 2257 1020 2313 dignisque
1045 2256 1286 2311 hymenaeis
1533 2268 1600 2298 355

141 2321 233 2370 des,
258 2326 393 2375 pater,
418 2326 459 2360 et
482 2334 629 2374 pacem
652 2319 761 2361 hanc
784 2325 951 2361 aeterno
975 2318 1142 2360 foedere
1165 2317 1319 2359 firmes.

141 2382 253 2437 quod
277 2381 314 2424 si
336 2387 476 2423 tantus
500 2380 626 2423 habet
648 2387 811 2423 mentes
836 2387 877 2422 et
899 2386 1068 2436 pectora
1090 2386 1233 2429 terror,

140 2445 279 2500 ipsum
304 2442 576 2493 obtestemur,
601 2443 849 2497 veniamque
873 2457 1039 2484 oremus
1064 2441 1116 2484 ab
1141 2442 1252 2496 ipso:

142 2506 280 2556 cedat,
304 2505 370 2547 ius
394 2505 608 2561 proprium
631 2505 722 2561 regi
744 2504 984 2560 patriaeque
1007 2503 1200 2546 remittat.

141 2568 242 2622 quid
265 2567 439 2610 miseros
463 2567 613 2610 totiens
637 2567 680 2608 in
705 2572 847 2622 aperta
869 2566 1054 2622 pericula
1077 2566 1189 2607 cives
1523 2577 1599 2609 -360

140 2629 310 2684 proicis,
337 2645 362 2671 o
385 2629 512 2671 Latio
536 2635 662 2685 caput
684 2629 832 2671 horum
857 2635 898 2670 et
921 2643 1071 2670 caussa
1093 2626 1322 2669 malorum?

142 2691 256 2734 nulla
279 2692 391 2734 salus
416 2691 544 2743 bello;
568 2706 715 2748 pacem
739 2697 779 2733 te
802 2691 1014 2747 poscimus
1037 2704 1195 2739 omnes,

145 2752 303 2804 Turne,
330 2753 453 2796 simul
475 2754 591 2810 pacis
617 2753 752 2796 solum
775 2752 1012 2808 inviolabile
1036 2752 1202 2808 pignus.

1196 2822 1278 2859 20*
