1734 3074
671 306 942 344 Bucoch.
1281 350 1284 352 ,
1434 299 1487 340 13

126 415 293 472 frigida,
319 412 509 468 Daphni,
535 412 665 454 boves
690 411 744 453 ad
767 411 955 453 flumina:
980 411 1094 453 nulla
1115 426 1251 466 neque
1276 426 1440 453 amnem
1513 423 1555 454 25

125 476 270 519 libavit
292 476 549 530 quadrupes,
575 488 653 516 nec
676 474 875 530 graminis
900 474 1036 530 attigit
1058 474 1241 517 herbam.

126 539 316 595 Daphni,
342 544 460 580 tuum
483 537 649 579 Poenos
674 537 800 579 etiam
823 537 1033 593 gemuisse
1056 537 1197 579 leones

125 601 334 644 interitum
359 606 604 654 montesque
627 599 706 641 feri
730 599 940 653 silvaeque
963 599 1198 653 loquuntur.

125 663 320 720 Daphnis
346 669 387 704 et
408 662 631 704 Armenias
656 676 779 703 curru
803 661 1054 718 subiungere
1077 661 1194 718 tigris

124 726 318 776 instituit,
342 724 536 780 Daphnis
561 724 717 766 thiasos
741 723 935 766 inducere
958 724 1127 774 Bacchi,
1517 736 1559 766 30

126 795 167 830 et
190 788 300 830 foliis
323 787 456 828 lentas
479 786 663 827 intexere
686 786 879 828 mollibus
904 786 1060 828 hastas.

125 850 220 892 vitis
244 855 291 891 ut
314 848 528 891 arboribus
553 848 691 890 decori
715 856 796 899 est,
821 859 868 890 ut
890 848 1045 890 vitibus
1068 863 1188 897 uvae,

125 919 172 954 ut
194 911 391 969 gregibus
415 910 541 961 tauri,
567 916 731 967 segetes
755 921 802 952 ut
823 910 1049 967 pinguibus
1074 911 1203 952 arvis:

126 982 171 1017 tu
194 976 321 1017 decus
345 988 467 1016 omne
490 973 584 1015 tuis.
609 980 832 1029 postquam
855 979 896 1015 te
919 972 1007 1015 fata
1030 972 1222 1022 tulerunt,

126 1038 218 1092 ipsa
240 1036 364 1078 Pales
389 1050 512 1092 agros
537 1047 661 1089 atque
684 1035 775 1091 ipse
798 1035 964 1089 reliquit
986 1034 1155 1090 Apollo.
1519 1048 1560 1077 35

126 1100 300 1155 grandia
325 1113 449 1154 saepe
473 1097 623 1153 quibus
647 1098 936 1139 mandavimus
960 1097 1116 1139 hordea
1140 1096 1279 1146 sulcis,

126 1161 271 1203 infelix
293 1161 436 1202 lolium
462 1166 503 1202 et
527 1160 687 1203 steriles
709 1167 937 1202 nascuntur
959 1174 1128 1201 avenae.

127 1238 202 1279 pro
225 1223 340 1265 molli
363 1223 491 1273 viola,
515 1237 591 1278 pro
614 1237 822 1278 purpureo
846 1223 1032 1264 narcisso

127 1286 305 1328 earduus
330 1291 371 1326 et
396 1285 524 1340 spinis
550 1285 682 1341 surgit
704 1285 889 1340 paliurus
915 1284 1058 1326 acutis.

127 1347 309 1403 spargite
332 1347 507 1388 humum
530 1347 660 1398 foliis,
685 1347 868 1389 inducite
892 1346 1077 1389 fontibus
1102 1345 1285 1396 umbras,
1518 1359 1562 1389 40

125 1416 331 1465 pastores:
355 1409 526 1450 mandat
548 1409 637 1450 fieri
662 1409 742 1452 sibi
764 1410 863 1451 talia
884 1409 1092 1465 Daphnis.
1122 1428 1126 1434 ·

126 1478 168 1513 et
191 1471 397 1513 tumulum
420 1471 564 1521 facite,
590 1477 631 1513 et
654 1472 812 1514 tumulo
838 1472 1100 1527 superaddite
1125 1486 1308 1513 carmen:

125 1534 319 1590 Daphnis
345 1549 423 1590 ego
446 1534 489 1575 in
514 1533 648 1584 silvis,
674 1534 770 1576 hinc
794 1549 926 1589 usque
951 1535 1005 1576 ad
1030 1534 1165 1576 sidera
1188 1540 1324 1582 notus,

127 1596 298 1639 formosi
319 1596 481 1651 pecoris
505 1602 664 1647 custos,
690 1596 911 1639 formosior
932 1597 1035 1652 ipse.

181 1658 269 1700 Me.
300 1658 403 1700 Tale
428 1664 546 1699 tuum
570 1673 736 1700 carmen
759 1658 898 1709 nobis,
924 1659 1063 1700 divine
1086 1665 1223 1714 poeta,
1518 1671 1560 1700 45

126 1720 249 1774 quale
274 1735 398 1775 sopor
421 1720 545 1762 fessis
570 1721 614 1761 in
636 1721 843 1776 gramine,
869 1721 990 1775 quale
1013 1736 1089 1776 per
1113 1727 1273 1763 aestum

125 1782 259 1824 dulcis
285 1796 417 1836 aquae
442 1782 613 1824 saliente
638 1783 749 1824 sitim
772 1783 1029 1839 restinguere
1052 1784 1155 1825 rivo.

124 1859 203 1886 nee
226 1844 395 1886 calamis
421 1844 555 1886 solum
580 1844 844 1900 aequiparas,
872 1846 947 1887 sed
971 1860 1073 1887 voce
1096 1845 1355 1900 magistrum.

124 1906 331 1948 fortunate
354 1921 476 1962 puer,
501 1912 547 1947 tu
569 1921 680 1948 nunc
704 1907 784 1949 eris
809 1907 911 1949 alter
934 1907 987 1950 ab
1010 1908 1094 1949 illo.

124 1984 201 2011 nos
226 1974 366 2010 tamen
388 1968 493 2010 haec
516 1983 763 2023 quocunque
787 1970 912 2012 modo
936 1970 1011 2012 tibi
1033 1975 1176 2012 nostra
1199 1969 1384 2010 vicissim
1454 2001 1458 2007 .
1519 1980 1561 2009 :30

125 2031 330 2081 dicemus,
354 2030 654 2086 Daphnimque
678 2037 797 2073 tuum
820 2032 1012 2074 tollemus
1037 2033 1091 2074 ad
1114 2039 1243 2082 astra3

123 2093 325 2148 Daphnin
348 2093 402 2134 ad
425 2099 537 2135 astra
559 2093 760 2136 feremus:
786 2095 940 2136 amavit
963 2109 1040 2136 nos
1065 2109 1230 2149 quoque
1255 2092 1462 2148 Daphnis.

124 2155 212 2197 Mo.
243 2154 316 2196 An
339 2155 561 2209 quicquam
584 2155 705 2198 nobis
730 2157 802 2198 tali
827 2157 880 2198 sit
903 2172 1073 2198 munere
1098 2156 1258 2198 maius?

124 2223 166 2258 et
188 2232 291 2272 puer
314 2217 404 2272 ipse
427 2217 507 2258 fuit
530 2218 686 2260 cantari
710 2218 882 2274 dignus,
908 2225 950 2260 et
971 2219 1053 2260 ista

123 2279 206 2320 iam
229 2279 390 2333 pridem
415 2277 650 2321 Stimichon
672 2280 857 2322 laudavit
881 2281 1064 2322 carmina
1086 2280 1219 2322 nobis.
1519 2291 1560 2320 55

185 2340 272 2381 Me.
305 2339 520 2382 Candidus
544 2341 754 2383 insuetum
777 2343 949 2384 miratur
972 2342 1098 2383 limen
1123 2341 1309 2397 Olympi,

126 2401 203 2444 sub
227 2401 486 2456 pedibusque
509 2402 623 2444 videt
646 2403 778 2445 nubes
803 2410 844 2445 et
869 2404 1005 2445 sidera
1028 2404 1234 2458 Daphnis.

125 2478 224 2519 ergo
248 2463 404 2504 alacres
430 2462 556 2505 silvas
581 2469 622 2505 et
645 2470 781 2506 cetera
803 2480 900 2506 rura
922 2465 1127 2520 voluptas,

125 2525 326 2579 Panaque
350 2531 621 2580 pastoresque
645 2531 757 2567 tenet
778 2525 1059 2581 Dryadasque
1083 2526 1256 2581 puellas.

125 2601 201 2629 nec
223 2587 348 2642 lupus
371 2587 544 2628 insidias
568 2587 724 2642 pecori,
749 2602 828 2629 nec
849 2588 953 2630 retia
977 2588 1108 2629 cervis
1517 2600 1559 2631 60

125 2648 209 2690 ulla
231 2649 371 2690 dolum
395 2648 662 2690 meditantur:
688 2655 799 2690 amat
822 2649 957 2692 bonus
982 2650 1066 2692 otia
1088 2649 1296 2705 Daphnis.

124 2709 204 2765 ipsi
226 2710 381 2752 laetitia
403 2725 528 2752 voces
554 2711 607 2752 ad
631 2711 767 2752 sidera
789 2711 945 2753 iactant

126 2771 276 2813 intonsi
299 2779 479 2822 montes,
505 2772 620 2827 ipsae
644 2773 728 2814 iam
753 2774 934 2815 carmina
956 2788 1093 2829 rupes,
