1800 3106
516 259 775 299 AENEIDOS
800 260 898 296 LIB.
912 260 1035 298 VIIII.

89 384 204 411 arma
227 367 366 410 ferunt
388 366 532 409 Italae.
558 365 618 408 nil
640 380 708 407 me
731 364 876 407 satalia
899 371 1064 416 terrent,

89 432 126 474 si
149 446 232 486 qua
253 430 447 487 Phryges
471 443 571 485 prae
597 443 642 471 se
666 428 839 479 iactant,
863 443 1066 484 responsa
1090 428 1281 470 deorum:

89 502 152 536 sat
176 492 274 535 fatis
298 491 537 547 Venerique
561 491 723 542 datum,
750 491 922 547 tetigere
946 491 1059 546 quod
1083 506 1183 533 arva

87 555 234 598 fertilis
258 554 476 598 Ausoniae
501 554 647 596 Troes.
674 560 771 596 sunt
794 560 836 596 et
858 568 954 595 mea
977 560 1121 596 contra

87 618 175 660 sata
198 617 320 668 mihi,
345 617 456 659 ferro
481 616 725 659 sceleratam
750 616 994 658 exscindere
1018 622 1188 672 gentem

88 679 266 737 coniuge
287 685 525 735 praerepta3
549 693 628 721 nec
651 678 764 720 solos
789 678 923 734 tangit
945 676 1119 720 Atridas

88 743 167 785 iste
191 742 326 793 dolor,
352 741 535 796 solisque
558 741 656 783 licet
679 755 827 796 capere
851 756 968 783 arma
990 740 1198 797 Mycenis.

91 805 166 847 sed
187 804 361 861 periisse
386 803 516 846 semel
539 803 641 845 satis
666 809 748 845 est:
773 817 947 858 peccare
971 802 1122 845 fuisset

90 874 185 909 ante
210 866 330 917 satis,
354 866 521 922 penitus
545 865 670 907 modo
694 879 806 907 nunc
829 879 964 921 genus
989 879 1112 907 omne
1135 879 1309 921 perosos

89 928 328 972 femineum.
354 927 506 983 quibus
530 927 636 969 haec
659 927 787 969 medii
810 927 964 970 fiducia
988 927 1086 969 valli

89 991 383 1045 fossarumque
406 1004 567 1040 morae,
590 989 664 1031 leti
687 989 929 1031 discrimina
952 1005 1096 1045 parva,

89 1053 190 1095 dant
212 1053 386 1095 animos.
412 1058 455 1095 at
477 1067 562 1094 non
585 1051 778 1093 viderunt
800 1051 966 1094 moenia
992 1051 1143 1094 Troiae

91 1114 275 1171 Neptuni
297 1114 502 1157 fabricata
524 1129 652 1156 manu
675 1114 892 1156 considere
915 1114 960 1155 in
983 1113 1121 1170 ignis?

91 1177 167 1219 sed
189 1192 285 1228 vos,
311 1192 336 1220 o
359 1177 475 1228 lecti,
500 1176 611 1219 ferro
635 1176 729 1232 quis
755 1177 945 1219 scindere
969 1177 1124 1218 vallum

92 1239 264 1295 adparat
287 1245 330 1282 et
351 1254 517 1282 mecum
540 1239 701 1281 invadit
723 1239 972 1295 trepidantia
995 1240 1155 1282 castra?

91 1318 179 1345 non
200 1302 325 1344 armis
349 1301 453 1343 mihi
475 1301 673 1352 Volcani,
697 1316 783 1344 non
805 1302 918 1344 mille
942 1302 1093 1344 carinis

93 1371 158 1407 est
179 1379 285 1421 opus
309 1364 353 1406 in
378 1364 577 1406 Teucros.
603 1364 759 1405 addant
783 1379 829 1406 se
852 1364 1041 1420 protinus
1065 1379 1210 1407 omnes

93 1427 263 1470 Etrusci
288 1426 436 1469 socios.
463 1425 655 1468 tenebras
681 1432 723 1468 et
744 1426 892 1468 inertia
914 1425 1027 1468 furta

92 1489 290 1540 Palladii,
316 1489 450 1531 caesis
476 1503 664 1530 summae
688 1487 931 1530 custodibus
956 1488 1077 1539 arcis,

92 1567 146 1594 ne
169 1552 358 1602 timeant3
383 1565 460 1593 nec
484 1550 582 1606 equi
605 1565 731 1593 caeca
760 1550 988 1593 condemur
1009 1551 1054 1592 in
1076 1551 1190 1602 alv03

92 1614 203 1665 luce,
228 1613 386 1670 palam,
412 1620 571 1655 certum
595 1621 660 1655 est
682 1613 771 1670 igni
795 1613 1051 1656 circumdare
1074 1629 1229 1656 muros.

93 1677 207 1718 haud
231 1676 311 1719 sibi
335 1691 430 1718 cum
453 1675 617 1718 Danais
641 1690 729 1718 rem
754 1675 853 1718 faxo
877 1682 919 1718 et
941 1675 1053 1731 pube
1076 1675 1261 1732 Pelasga

94 1754 188 1781 esse
212 1744 377 1795 putent,
403 1739 611 1780 decimum
635 1753 741 1793 quos
766 1738 926 1780 distulit
948 1738 1110 1780 Hector
1131 1738 1175 1780 in
1199 1753 1366 1780 annum.

94 1815 205 1843 nunc
229 1801 351 1851 adeo,
377 1801 522 1843 melior
545 1801 741 1855 quoniam
764 1815 862 1856 pars
887 1807 980 1843 acta
1004 1800 1099 1851 diei,

94 1863 208 1918 quod
232 1869 438 1919 superest,
462 1863 561 1905 laeti
583 1863 691 1906 bene
714 1863 845 1919 gestis
871 1878 1045 1919 corpora
1066 1862 1193 1905 rebus

93 1932 329 1981 procurate,
355 1925 451 1976 viri,
477 1931 518 1967 et
539 1940 727 1982 pugnam
752 1932 915 1982 sperate
939 1925 1117 1981 parari.“

93 1988 251 2030 interea
274 1987 448 2044 vigilum
473 1987 660 2031 excubiis
686 1987 878 2030 obsidere
901 1994 1044 2044 portas

95 2065 194 2092 cura
217 2049 339 2092 datur
361 2049 564 2106 Messapo
589 2057 630 2092 et
652 2050 819 2093 moenia
842 2050 1009 2107 cingere
1033 2049 1226 2092 flammis.

94 2111 159 2154 bis
185 2118 363 2168 septem,
388 2112 548 2155 Rutulo
571 2127 714 2155 muros
738 2113 811 2167 qui
835 2112 964 2154 milite
990 2119 1169 2163 servent,

95 2174 263 2225 delecti3
287 2181 353 2216 ast
375 2174 469 2216 illos
494 2175 657 2216 centeni
680 2189 889 2229 quemque
914 2181 1145 2229 sequuntur

93 2236 292 2292 purpurei
315 2236 451 2279 cristis
474 2237 647 2279 iuvenes
673 2252 856 2292 auroque
882 2238 1056 2279 corusci.

96 2298 349 2349 discurrunt,
373 2298 616 2353 variantque
640 2299 774 2350 vices,
800 2299 967 2354 fusique
990 2314 1066 2355 per
1089 2299 1261 2341 herbam

96 2359 314 2417 indulgent
337 2360 433 2402 vino
457 2367 500 2402 et
522 2366 688 2402 vertunt
711 2367 891 2403 crateras
916 2376 1056 2403 aenos.

97 2422 314 2465 conlucent
339 2422 477 2479 ignes,
502 2429 668 2464 noctem
692 2422 881 2465 custodia
905 2423 1019 2464 ducit

96 2485 330 2527 insomnem
353 2485 466 2527 ludo.

154 2546 276 2590 Haec
305 2562 429 2603 super
454 2562 478 2590 e
500 2546 612 2589 vallo
634 2552 902 2602 prospectant
926 2547 1058 2589 Troes
1083 2553 1125 2589 et
1148 2547 1274 2588 armis

98 2608 182 2651 alta
204 2615 365 2662 tenent,
389 2624 467 2652 nec
491 2624 575 2652 non
604 2609 754 2665 trepidi
776 2609 996 2652 formidine
1020 2616 1160 2665 portas

99 2671 334 2727 explorant,
358 2672 581 2728 pontisque
606 2679 648 2713 et
669 2672 984 2729 propugnacula
1008 2671 1198 2728 iungunt,

99 2732 183 2775 tela
204 2742 367 2790 gerunt.
392 2735 549 2777 instant
571 2732 822 2777 Mnestheus
848 2748 1025 2789 acerque
1052 2732 1260 2783 Serestus,

176 2811 328 2847 Veryilius.
1189 2808 1206 2842 l
1215 2807 1236 2842 Ῑ

1372 250 1455 293 257

1490 627 1552 658 135

1491 940 1556 970 140

1493 1252 1556 1282 145

1493 1565 1558 1595 150

1495 1877 1559 1906 155

1496 2187 1560 2217 160

1495 2497 1558 2527 165
