1780 3074
553 309 811 348 AENEIDOS
829 310 927 346 LIB.
946 311 1015 346 111.

106 418 296 460 dextrum
323 415 466 472 Scylla
488 415 616 466 latus,
642 415 807 457 laevum
830 414 1037 470 inplacata
1061 413 1297 469 Charybdis

106 480 285 530 obsidet,
311 484 434 533 atque
457 478 542 520 imo
565 476 748 520 barathri
771 482 834 518 ter
856 476 1020 533 gurgite
1043 482 1185 518 vastos

107 542 246 584 sorbet
268 541 312 582 in
336 540 557 596 abruptum
580 539 751 589 fluctus,
776 553 1003 593 rursusque
1028 537 1106 580 sub
1131 553 1253 579 auras

106 603 227 660 erigit
250 603 429 645 alternos
454 608 496 643 et
520 601 655 644 sidera
678 600 869 643 verberat
892 601 1016 642 unda.

107 672 150 708 at
175 664 361 720 Scyllam
385 664 520 706 caecis
545 663 709 706 cohibet
733 663 931 719 spelunca
953 662 1122 704 latebris

106 743 179 770 ora
202 733 479 769 exsertantem
503 732 544 768 et
566 726 684 767 navis
709 725 752 766 in
777 740 879 767 saxa
902 725 1145 767 trahentem.

106 789 240 846 prima
262 788 441 830 hominis
465 787 593 829 facies
619 792 660 829 et
681 786 854 842 pulchro
877 792 1044 842 pectore
1067 786 1187 842 virgo

106 850 218 907 pube
242 857 380 900 tenus,
405 855 614 905 postrema
635 848 792 890 inmani
816 863 987 903 corpore
1010 848 1173 904 pistrix,

106 913 348 969 delphinum
373 912 524 955 caudas
549 917 665 954 utero
690 911 914 953 commissa
936 911 1141 966 luporum.

106 981 290 1032 praestat
313 974 516 1016 Trinacrii
539 979 670 1015 metas
694 973 869 1015 lustrare
892 973 1084 1028 Pachyni

107 1043 358 1087 cessantem,
383 1036 530 1092 longos
556 1042 597 1077 et
621 1035 942 1077 circumflectere
967 1050 1128 1084 cursus,

106 1114 231 1154 quam
256 1098 384 1141 semel
407 1098 628 1140 informem
650 1103 770 1139 vasto
794 1098 950 1139 vidisse
976 1097 1054 1139 sub
1080 1103 1198 1139 antro

107 1160 292 1217 Scyllam
315 1166 358 1202 et
381 1159 580 1202 caeruleis
605 1160 778 1202 canibus
802 1160 1040 1202 resonantia
1064 1175 1178 1202 saxa.

104 1229 335 1279 praeterea,
362 1223 398 1265 si
421 1237 504 1277 qua
527 1229 591 1264 est
612 1222 779 1264 Heleno
802 1223 1022 1278 prudentia
1044 1222 1142 1272 vati,

107 1285 143 1326 si
166 1299 249 1339 qua
271 1285 394 1335 fides,
421 1285 604 1326 animum
629 1285 664 1326 si
687 1285 795 1327 veris
820 1285 950 1340 inplet
973 1284 1142 1340 Apollo,

107 1362 237 1388 unum
260 1347 363 1389 illud
387 1347 478 1397 tibi,
504 1353 599 1389 nate
623 1348 721 1398 dea,
746 1362 904 1403 proque
928 1347 1120 1390 omnibus
1145 1362 1276 1388 unum

106 1410 343 1465 praedicam
367 1415 407 1451 et
429 1415 620 1465 repetens
644 1410 876 1464 iterumque
899 1410 1133 1464 iterumque·
1152 1409 1349 1451 monebo:

107 1471 279 1513 Iunonis
304 1486 481 1528 magnae
504 1471 684 1527 primum
707 1486 829 1527 prece
853 1487 1008 1513 numen
1031 1471 1158 1513 adora
1166 1488 1177 1522 ;

107 1533 260 1575 Iunoni
284 1548 386 1575 cane
410 1540 508 1575 vota
530 1533 665 1576 libens
690 1534 983 1589 dominamque
1005 1539 1218 1590 potentem

109 1595 365 1652 supplicibus
391 1611 541 1652 supera
564 1596 703 1638 donis:
730 1596 790 1638 sic
813 1596 991 1651 denique
1014 1596 1147 1639 victor

43 1670 47 1671 ⁷
109 1657 324 1700 Trinacria
347 1658 441 1701 finis
465 1658 595 1701 Italos
619 1659 780 1700 mittere
803 1658 958 1701 relicta.

109 1719 190 1762 huc
214 1720 285 1762 ubi
309 1720 470 1762 delatus
497 1720 727 1763 Cumaeam
751 1721 975 1763 accesseris
999 1721 1146 1763 urbem

109 1781 353 1836 divinosque
376 1783 491 1824 lacus
517 1788 558 1824 et
581 1781 754 1824 Averna
778 1783 967 1825 sonantia
991 1784 1120 1834 silvis,

110 1843 298 1886 insanam
322 1850 461 1886 vatem
485 1844 681 1900 aspicies,
707 1859 814 1899 quae
837 1860 941 1901 rupe
966 1845 1044 1888 sub
1068 1845 1161 1901 ima-

110 1905 197 1948 fata
221 1906 330 1948 canit
353 1907 546 1962 foliisque
569 1913 688 1949 notas
714 1913 755 1949 et
778 1908 946 1950 nomina
969 1908 1151 1950 mandat.

110 1982 396 2024 quaecumque
419 1969 463 2011 in
486 1969 598 2011 foliis
624 1969 844 2026 descripsit
868 1970 1052 2012 carmina
1074 1970 1208 2026 virgo,

110 2031 259 2087 digerit
281 2031 325 2072 in
348 2046 567 2073 numerum
593 2037 717 2087 atque
741 2038 859 2074 antro
885 2032 1048 2074 seclusa
1070 2032 1277 2086 relinquit.

111 2093 182 2135 illa
203 2100 373 2135 manent
394 2093 553 2136 inmota
574 2094 677 2137 loeis
702 2109 836 2149 neque
861 2095 913 2137 ab
938 2095 1082 2138 ordine
1106 2096 1271 2137 cedunt.

112 2168 255 2196 verum
279 2155 442 2205 eadem,
467 2170 588 2198 verso
612 2156 746 2198 tenuis
772 2171 868 2198 cum
892 2157 1058 2199 cardine
1082 2164 1232 2199 ventus

112 2216 262 2272 inpulit
284 2223 326 2259 et
348 2223 510 2259 teneras
534 2217 716 2260 turbavit
738 2219 864 2261 ianua
888 2219 1071 2270 frondes,

113 2292 340 2332 numquam
363 2278 510 2320 deinde
534 2293 638 2321 cavo
661 2280 874 2322 volitantia
897 2282 1098 2336 prendere
1123 2296 1237 2330 saxo,

114 2353 191 2380 nec
213 2353 407 2380 revocare
432 2339 535 2381 situs
559 2346 632 2381 aut
654 2340 826 2397 iungere
850 2342 1033 2383 carmina
1057 2348 1187 2383 curat.

115 2399 337 2442 inconsulti
361 2399 515 2442 abeunt
540 2401 763 2455 sedemque
787 2403 910 2444 odere
937 2402 1137 2458 Sibyllae.

116 2462 184 2504 hic
207 2462 282 2504 tibi
305 2477 358 2504 ne
381 2476 465 2517 qua
487 2477 627 2504 morae
649 2462 805 2504 fuerint
827 2464 1044 2518 dispendia
1067 2465 1183 2514 tanti,

116 2524 304 2580 quamvis
328 2523 574 2579 increpitent
597 2524 716 2574 socii,
742 2530 783 2566 et
805 2525 848 2566 vi
871 2539 1017 2567 cursus
1040 2525 1084 2567 in
1107 2525 1237 2567 altum

115 2586 209 2629 vela
231 2592 352 2628 vocet
374 2586 592 2642 possisque
618 2586 733 2627 sinus
756 2586 913 2642 inplere
938 2587 1156 2637 secundos,

117 2648 218 2703 quin
242 2649 367 2691 adeas
391 2655 528 2691 vatem
553 2648 830 2704 precibusque
854 2649 1020 2691 oracula
1042 2663 1206 2705 poscas.

117 2709 209 2765 ipsa
232 2717 353 2752 canat
375 2725 603 2765 vocemque
627 2710 770 2752 volens
795 2721 919 2765 atque
943 2726 1015 2753 ora
1036 2710 1229 2754 resolvat.

118 2771 189 2813 illa
211 2772 287 2815 tibi
310 2772 456 2815 Italiae
480 2773 658 2829 populos
682 2778 937 2828 venturaque
960 2773 1081 2824 bella,

1386 299 1465 342 141

1493 426 1560 456 420

1496 737 1562 768 425

1498 1047 1563 1077 430

1499 1359 1565 1389 435

1502 1672 1567 1701 440

1502 1983 1568 2013 445

1503 2293 1570 2323 450

1504 2600 1570 2631 455
