1794 3048
267 487 329 518 105

268 790 328 819 110

272 1093 331 1123 115

274 1398 333 1428 120

274 2007 333 2038 130

273 2313 334 2343 135

352 303 406 344 60
751 310 792 344 Ρ.
811 308 1042 345 VERGILII
1060 307 1234 344 MARON
1237 308 1282 343 IS

353 412 580 466 corripuere
602 416 803 463 ruuntque
827 409 947 450 effusi
971 422 1129 450 carcere
1154 422 1307 458 currus,

354 488 447 514 cum
472 486 564 526 spes
589 476 767 512 arrectae
790 470 1002 519 iuvenum,
1027 469 1351 523 exsultantiaque
1374 470 1507 511 haurit

355 533 478 574 corda
499 547 627 586 pavor
648 530 842 586 pulsans?
863 530 922 571 illi
944 530 1097 571 instant
1119 529 1286 571 verbere
1310 536 1414 572 torto

353 600 393 634 et
415 593 531 647 proni
554 593 651 633 dant
673 592 777 642 lora3
800 591 910 632 volat
933 591 974 631 vi
996 591 1177 632 fervidus
1201 591 1289 632 axis
1296 607 1308 641 3

352 654 514 706 iamque
537 652 730 702 humiles,
755 652 918 705 iamque
942 651 1037 693 elati
1060 651 1232 693 sublime
1255 652 1443 693 videntur

353 729 447 755 aera
468 728 542 768 per
564 727 740 754 vacuum
762 712 859 753 ferri
883 719 1004 766 atque
1027 713 1247 768 adsurgere
1270 713 1313 753 in
1336 728 1474 762 auras;

352 789 427 815 nec
451 789 580 823 mora,
605 788 681 814 nec
703 773 884 827 requies3
909 780 951 814 at
973 773 1110 815 fulvae
1132 773 1295 815 nimbus
1320 788 1464 822 arenae

353 835 523 885 tollitur3
548 835 792 876 humescunt
816 835 972 889 spumis
996 835 1175 888 flatuque
1200 840 1458 888 sequentum:

352 902 487 937 tantus
513 911 625 936 amor
647 896 832 945 laudum,
858 901 992 937 tantae
1017 902 1079 937 est
1100 896 1269 937 victoria
1292 910 1425 937 curae.

352 957 506 1011 primus
529 956 819 998 Erichthonius
845 971 986 998 currus
1010 962 1051 998 et
1073 962 1264 1010 quattuor
1286 971 1410 997 ausus

353 1019 519 1073 iungere
545 1032 688 1071 equos,
713 1017 960 1072 rapidusque
982 1018 1081 1059 rotis
1105 1017 1290 1059 insistere
1314 1017 1452 1058 victor.

355 1080 471 1120 frena
492 1078 742 1120 Pelethronii
766 1079 968 1133 Lapithae
991 1093 1196 1134 gyrosque
1221 1078 1369 1119 dedere

355 1140 522 1194 inpositi
545 1140 685 1189 dorso,
710 1146 831 1193 atque
856 1140 1031 1193 equitem
1056 1140 1228 1181 docuere
1252 1138 1329 1180 sub
1354 1140 1475 1180 armis

357 1201 549 1242 insultare
575 1201 659 1242 solo
684 1206 723 1241 et
746 1215 912 1256 gressus
936 1201 1162 1255 glomerare
1187 1199 1397 1255 superbos.

358 1276 512 1315 aequus
536 1268 705 1315 uterque
728 1261 860 1302 labor:
887 1276 1015 1314 aeque
1038 1262 1310 1314 iuvenemque
1331 1261 1517 1316 magistri

358 1323 574 1377 exquirunt
598 1322 853 1376 calidumque
878 1323 1022 1364 animis
1048 1328 1087 1363 et
1111 1322 1296 1364 cursibus
1321 1336 1467 1363 acrem.

357 1384 542 1438 quamvis
569 1399 690 1438 saepe
713 1383 814 1439 fuga
836 1398 977 1425 versos
1001 1384 1068 1424 ille
1092 1384 1220 1439 egerit
1242 1383 1393 1433 hostes,

357 1452 397 1486 et
419 1445 592 1499 patriam
614 1444 788 1498 Epirum
810 1444 960 1485 referat
982 1444 1179 1498 fortisque
1201 1444 1415 1500 Mycenas,

357 1505 616 1560 Neptunique
640 1506 731 1559 ipsa
754 1505 928 1546 deducat
951 1506 1105 1561 origine
1129 1511 1305 1561 gentem.

412 1567 492 1607 His
518 1566 808 1607 animadversis
832 1566 985 1607 instant
1008 1567 1084 1608 sub
1109 1573 1269 1621 tempus
1294 1573 1334 1607 et
1357 1566 1488 1607 omnis

357 1628 582 1683 inpendunt
605 1642 722 1668 curas
748 1628 875 1668 denso
899 1627 1128 1669 distendere
1150 1628 1307 1683 pingui,

316 1703 328 1710 *
357 1704 479 1743 quem
501 1689 637 1745 legere
661 1689 806 1730 ducem
830 1694 871 1730 et
891 1689 1029 1743 pecori
1052 1689 1190 1730 dixere
1213 1688 1400 1729 maritum
1408 1704 1419 1738 ;

357 1750 617 1803 florentisque
642 1756 780 1791 secant
802 1750 969 1800 herbas,
993 1750 1221 1803 fluviosque
1245 1749 1475 1790 ministrant

358 1811 564 1864 farraque,
590 1826 641 1852 ne
664 1811 814 1853 blando
837 1817 1013 1865 nequeat
1037 1826 1250 1866 superesse
1272 1810 1413 1860 labori,

357 1872 603 1925 invalidique
625 1878 787 1927 patrum
808 1873 986 1914 referant
1008 1873 1157 1914 ieiunia
1179 1873 1275 1914 nati.

357 1933 447 1988 ipsa
470 1939 606 1974 autem
628 1933 758 1974 macie
780 1939 948 1974 tenuant
970 1940 1153 1975 armenta
1174 1933 1370 1982 volentes,

357 2000 496 2047 atque,
520 1994 592 2035 ubi
615 1994 854 2036 concubitus
878 1994 1031 2049 primos
1055 1995 1138 2035 iam
1159 2000 1257 2036 nota
1279 1994 1468 2048 voluptas

358 2055 563 2104 sollicitat,
588 2055 833 2109 frondesque
856 2061 1009 2111 negant
1033 2061 1072 2096 et
1095 2055 1277 2097 fontibus
1302 2061 1451 2096 arcent.

359 2131 481 2171 saepe
506 2117 627 2157 etiam
650 2131 773 2158 cursu
795 2117 983 2170 quatiunt
1006 2122 1046 2158 et
1070 2116 1155 2158 sole
1178 2116 1363 2172 fatigant,

360 2192 453 2219 cum
475 2177 652 2233 graviter
674 2177 805 2218 tunsis
829 2177 957 2232 gemit
979 2192 1074 2219 area
1095 2177 1284 2233 frugibus
1309 2182 1349 2217 et
1372 2191 1465 2217 cum

359 2244 593 2294 surgentem
615 2238 669 2279 ad
691 2238 916 2293 zephyrum
937 2238 1079 2293 paleae
1101 2238 1301 2279 iactantur
1322 2237 1476 2278 inanes.

358 2300 436 2341 hoc
458 2299 630 2350 faciunt,
655 2299 780 2341 nimio
803 2314 855 2340 ne
877 2299 978 2341 luxu
1001 2299 1212 2341 obtunsior
1233 2313 1334 2340 usus

359 2361 412 2402 sit
434 2361 600 2416 genitali
623 2375 720 2402 arvo
744 2366 785 2402 et
808 2361 943 2402 sulcos
968 2360 1137 2402 oblimet
1158 2360 1311 2410 inertis,

360 2423 433 2464 sed
454 2422 585 2477 rapiat
607 2422 746 2463 sitiens
770 2421 974 2464 Venerem
996 2422 1245 2476 interiusque
1267 2420 1470 2462 recondat.

415 2483 575 2524 Rursus
600 2497 697 2524 cura
717 2488 879 2538 patrum
903 2483 1047 2525 cadere
1072 2488 1112 2524 et
1135 2483 1352 2525 succedere
1374 2486 1546 2522 matrum

361 2544 512 2598 incipit.
538 2544 690 2585 exactis
714 2544 907 2600 gravidae
931 2558 1026 2586 cum
1048 2544 1256 2586 mensibus
1281 2547 1426 2591 errant,

277 2619 338 2649 140
361 2620 442 2646 non
464 2605 554 2646 illas
578 2605 772 2661 gravibus
797 2605 1014 2659 quisquam
1036 2606 1135 2661 iuga
1158 2606 1305 2646 ducere
1327 2601 1530 2657 plaustris,

361 2681 444 2707 non
468 2666 573 2707 saltu
596 2681 788 2721 superare
810 2666 920 2708 viam
944 2667 996 2708 sit
1017 2681 1165 2721 passus
1189 2671 1230 2707 et
1251 2664 1334 2706 acri

364 2741 526 2782 carpere
549 2733 665 2781 prata
689 2727 789 2782 fuga
811 2728 1038 2780 fluviosque
1061 2728 1200 2768 innare
1223 2725 1393 2780 rapacis.
