1800 3080
609 250 870 291 AENEIDOS
887 250 986 287 LIB.
1005 250 1094 286 XII.

168 363 318 407 emicat
339 360 408 403 hic
430 359 586 417 inpune
609 364 762 415 putans
787 363 830 400 et
853 370 1026 412 corpore
1050 360 1138 398 toto

167 426 250 469 alte
274 423 485 468 sublatum
509 420 725 478 consurgit
747 419 917 462 Turnus
940 419 986 461 in
1009 432 1165 469 ensem,

167 494 209 530 et
231 486 339 529 ferit.
366 484 600 528 exclamant
624 482 757 526 Troes
782 481 1014 539 trepidique
1036 480 1194 531 Latini,

167 554 433 603 arrectaeque
457 545 676 589 amborum
699 545 824 588 acies.
850 550 893 587 at
914 543 1099 601 perfidus
1124 542 1237 585 ensis

168 611 394 668 frangitur,
418 609 464 652 in
486 608 708 664 medioque
731 607 946 650 ardentem
969 606 1124 649 deserit
1145 605 1244 656 ictu,

167 674 213 716 ni
235 674 341 731 fuga
364 671 553 716 subsidio
577 670 738 714 subeat.
763 670 874 727 fugit
896 669 1011 712 ocior
1033 683 1146 720 euro,

168 742 216 779 ut
238 734 435 792 capulum
457 735 650 791 ignotum
673 733 945 788 dextramque
969 731 1133 788 aspexit
1154 731 1369 774 inermem.

168 799 283 841 fama
306 803 389 849 est,
413 796 702 853 praecipitem,
728 810 825 838 cum
846 795 983 852 prima
1004 795 1049 836 in
1070 793 1230 851 proelia
1251 793 1416 836 iunctos

169 858 477 903 conscendebat
500 873 649 913 equos,
672 858 808 914 patrio
832 871 1030 900 mucrone
1053 856 1211 907 relicto,

169 922 270 964 dum
293 921 489 978 trepidat,
515 920 672 963 ferrum
695 920 866 977 aurigae
888 919 1078 975 rapuisse
1101 918 1292 969 Metisci3

167 983 294 1039 idque
318 983 409 1034 diu,
435 983 536 1024 dum
560 988 678 1040 terga
701 981 858 1024 dabant
879 981 1065 1038 palantia
1089 981 1256 1032 Teucri,

170 1045 334 1090 suffecit
341 1061 352 1097 3
376 1050 601 1101 postquam
625 1059 741 1086 arma
764 1044 833 1086 dei
856 1044 911 1086 ad
933 1043 1138 1087 Volcania
1160 1049 1334 1086 ventum
1358 1048 1434 1095 est,

169 1107 356 1151 mortalis
380 1121 544 1157 mucro,
569 1106 726 1163 glacies
751 1120 831 1149 ceu
852 1105 1004 1157 futilis,
1030 1106 1117 1148 ictu

170 1169 370 1221 dissiluit3
394 1169 512 1212 fulva
534 1169 773 1226 resplendet
795 1169 989 1226 fragmen
1011 1183 1150 1211 arena.

171 1247 272 1290 ergo
296 1247 440 1275 amens
465 1232 631 1275 diversa
654 1231 759 1289 fuga
780 1232 885 1288 petit
908 1246 1091 1287 aequora
1116 1231 1285 1274 Turnus

173 1300 214 1336 et
236 1308 349 1336 nunc
370 1294 473 1345 huc,
497 1294 595 1336 inde
616 1294 701 1336 huc
723 1294 903 1337 incertos
927 1294 1099 1350 inplicat
1122 1294 1264 1344 orbes3

172 1356 356 1411 undique
380 1356 491 1398 enim
515 1355 669 1398 Teucri
693 1356 824 1398 densa
845 1356 1051 1398 inclusere
1075 1371 1241 1406 corona,

172 1424 298 1473 atque
321 1418 419 1460 hinc
441 1423 562 1461 vasta
584 1418 726 1474 palus,
750 1418 849 1460 hinc
872 1418 1003 1460 ardua
1025 1418 1192 1460 moenia
1216 1418 1402 1474 cingunt.

228 1480 270 1523 N
271 1494 318 1523 ec
341 1479 480 1522 minus
503 1479 694 1531 Aeneas,
721 1494 976 1535 quamquam
998 1480 1187 1522 tardante
1212 1480 1366 1537 sagitta

172 1542 381 1585 interdum
404 1556 542 1599 genua
564 1542 783 1598 inpediunt
807 1556 1060 1598 cursumque
1082 1548 1292 1593 recusant,

171 1604 421 1660 insequitur,
447 1604 678 1660 trepidique
700 1605 854 1661 pedem
876 1605 984 1661 pede
1007 1604 1195 1647 fervidus
1220 1610 1384 1662 urguet,

171 1666 380 1709 inclusum
403 1667 533 1709 veluti
558 1667 594 1709 si
618 1667 785 1722 quando
809 1667 980 1709 flumine
1003 1673 1152 1710 nactus

174 1743 344 1771 cervum
368 1734 441 1770 aut
463 1729 665 1785 puniceae
690 1734 881 1786 saeptum
904 1729 1126 1772 formidine
1149 1744 1314 1786 pennae

173 1796 347 1834 venator
371 1799 505 1835 cursu‘
522 1792 636 1835 canis
661 1797 704 1835 et
725 1792 944 1835 latratibus
967 1793 1095 1836 instat
1102 1810 1114 1845 ;

173 1852 244 1895 ille
268 1859 427 1904 autem,
452 1854 614 1897 insidiis
639 1860 681 1897 et
702 1855 794 1912 ripa
818 1856 985 1898 territus
1010 1856 1105 1907 alta,

173 1915 287 1958 mille
311 1916 423 1973 fugit
446 1915 683 1974 refugitque
707 1918 817 1969 vias,
844 1923 887 1960 at
908 1918 1074 1961 vividus
1099 1918 1264 1961 Umber

173 1978 317 2021 haeret
339 1978 479 2031 hians,
503 1980 589 2022 iam
611 1981 778 2036 iamque
801 1986 932 2032 tenet,
959 1981 1189 2037 similisque
1213 1982 1370 2025 tenenti

172 2040 378 2098 increpuit
400 2041 540 2093 malis,
564 2057 790 2099 morsuque
815 2044 957 2087 elusus
981 2044 1098 2086 inani
1120 2050 1196 2087 est.

173 2108 264 2144 tum
286 2119 386 2147 vero
410 2106 594 2148 exoritur
617 2106 791 2158 clamor,
815 2107 1014 2164 ripaeque
1037 2107 1238 2164 lacusque

172 2173 423 2222 responsant
445 2168 556 2210 circa
579 2174 621 2211 et
644 2169 805 2212 caelum
830 2175 947 2212 tonat
971 2185 1093 2212 omne
1118 2171 1310 2213 tumultu.

173 2226 243 2268 ille
268 2228 392 2270 simul
414 2229 581 2285 fugiens
605 2230 787 2273 Rutulos
812 2231 937 2273 simul
959 2232 1147 2287 increpat
1170 2247 1328 2283 omnes,

175 2288 343 2331 nomine
367 2304 575 2345 quemque
598 2306 774 2342 vocans,
799 2298 1028 2347 notumque
1053 2294 1258 2350 efflagitat
1281 2309 1436 2336 ensem.

175 2348 346 2392 Aeneas
370 2358 547 2393 mortem
571 2358 714 2395 contra
736 2368 1018 2409 praesensque
1043 2355 1224 2397 minatur

177 2411 366 2462 exitium,
393 2413 429 2455 si
452 2413 673 2468 quisquam
696 2415 836 2466 adeat,
862 2421 1069 2470 terretque
1092 2417 1317 2468 trementis,

179 2474 416 2516 excisurum
440 2475 587 2517 urbem
610 2476 825 2528 minitans,
853 2483 894 2520 et
919 2478 1085 2520 saucius
1108 2479 1249 2520 instat.

178 2536 359 2590 quinque
385 2536 506 2580 orbes
532 2538 699 2593 explent
722 2553 865 2590 cursu,
892 2540 1145 2596 totidemque
1168 2547 1359 2583 retexunt

177 2596 260 2639 huc
284 2598 382 2640 illuc
388 2615 401 2650 3
426 2613 561 2654 neque
586 2601 696 2642 enim
719 2600 828 2644 levia
851 2608 924 2644 aut
945 2602 1105 2645 ludicra
1127 2609 1325 2660 petuntur

177 2660 380 2714 praemia,
407 2661 482 2703 sed
507 2661 639 2704 Turni
663 2663 715 2705 de
739 2664 824 2705 vita
848 2670 889 2706 et
914 2665 1116 2721 sanguine
1141 2671 1309 2708 certant.

180 2721 287 2765 forte
312 2737 429 2766 sacer
450 2722 598 2766 Fauno
622 2724 733 2768 soliis
758 2726 935 2769 oleaster
959 2728 1108 2770 amaris

1438 284 1441 285 ⁷
1452 241 1533 284 341

1565 492 1630 523 730

1569 806 1632 836 735

1572 1118 1637 1149 740

1572 1432 1637 1463 745

1575 1743 1638 1774 750

1573 2059 1637 2089 755

1574 2369 1638 2400 760

1571 2680 1635 2712 765
