1794 3048
401 273 478 314 128
797 280 838 315 P.
857 279 1088 315 VERGILII
1107 278 1329 316 MARONIS

396 383 509 423 visus
534 381 678 422 adesse
700 380 852 434 pedum
877 379 1052 428 sonitus,
1077 379 1316 434 genitorque
1344 395 1418 436 per
1440 382 1625 425 umbram

394 442 664 497 prospiciens,
692 446 810 491 „nate
820 442 842 462 ‘⁴
868 439 1084 489 exclamat,
1112 439 1254 494 „fuge,
1278 447 1370 482 nate
1378 458 1389 492 ;
1413 445 1694 498 propinquant.

396 502 573 543 ardentis
598 501 749 555 clipeos
774 506 895 553 atque
919 514 1013 541 aera
1035 500 1226 541 micantia
1250 505 1409 543 cerno.“

394 563 461 604 hic
484 562 583 602 mihi
606 561 744 602 nescio
767 561 878 614 quod
901 560 1057 615 trepido
1081 561 1186 601 male
1210 577 1362 603 numen
1385 564 1559 606 amicum

309 638 371 667 735
397 623 612 665 confusam
635 621 782 676 eripuit
805 627 995 662 mentem.
1019 635 1195 674 namque
1219 622 1311 663 avia
1334 637 1456 665 cursu

395 685 494 725 dum
519 697 666 737 sequor
689 689 730 724 et
752 688 849 723 nota
871 682 1023 723 excedo
1046 682 1212 737 regione
1235 683 1404 734 viarum,

395 744 494 786 heul
519 744 667 785 misero
691 743 868 785 coniunx
890 742 1028 784 fatone
1053 748 1191 797 erepta
1215 742 1374 786 Creusa

396 805 594 855 substitit,
620 804 818 846 erravitne
842 804 909 846 via
933 818 1006 845 seu
1028 803 1139 845 lassa
1160 805 1311 846 resedit

395 867 610 917 incertum3
634 880 710 907 nec
732 871 826 921 post
849 865 977 907 oculis
1002 871 1064 906 est
1086 865 1244 907 reddita
1266 867 1433 917 nostris;

309 941 373 972 740
396 942 471 969 nec
494 928 606 982 prius
632 927 825 969 amissam
848 926 1010 981 respexi
1034 926 1295 980 animumque
1317 928 1469 978 reflexi,

395 1003 519 1043 quam
543 988 745 1029 tumulum
768 989 957 1041 antiquae
983 987 1144 1029 Cereris
1169 989 1390 1042 sedemque
1415 996 1616 1031 sacratam

394 1049 600 1099 venimus3
624 1049 691 1090 hic
715 1049 879 1090 demum
903 1049 1082 1090 collectis
1107 1049 1294 1090 omnibus
1319 1064 1401 1090 una

395 1110 525 1151 defuit
548 1116 588 1151 et
611 1110 778 1152 comites
802 1115 1024 1163 nattunque
1046 1110 1259 1163 virumque
1282 1110 1438 1151 fefellit.

395 1185 518 1225 quem
541 1186 623 1212 non
645 1171 830 1212 incusavi
854 1184 994 1211 amens
1018 1170 1309 1224 hominumque
1333 1171 1607 1225 deorumque?

309 1244 372 1276 745
396 1238 468 1274 aut
490 1232 589 1285 quid
611 1231 654 1272 in
678 1246 821 1273 eversa
843 1231 927 1272 vidi
951 1231 1152 1272 crudelius
1177 1231 1302 1272 urbe?

395 1292 623 1335 Ascanium
646 1291 939 1346 Anchisenque
962 1298 1119 1347 patrem
1144 1292 1406 1346 Teucrosque
1428 1292 1606 1334 Penates

396 1354 637 1395 commendo
661 1354 782 1395 sociis
806 1359 846 1395 et
870 1368 996 1394 curva
1017 1353 1122 1394 valle
1145 1353 1321 1394 recondo
1329 1369 1340 1403 3

395 1413 484 1468 ipse
508 1413 650 1455 urbem
673 1420 812 1468 repeto
836 1419 876 1454 et
899 1414 1039 1469 cingor
1062 1413 1313 1469 fulgentibus
1338 1414 1473 1456 armis.

398 1480 478 1516 stat
501 1489 621 1515 casus
645 1489 839 1516 renovare
863 1489 1023 1525 omnes,
1049 1489 1292 1529 omnemque
1314 1475 1463 1516 reverti

310 1547 374 1578 750
396 1549 470 1589 per
493 1535 660 1576 Troiam
685 1541 725 1577 et
746 1550 887 1577 rursus
918 1542 1040 1590 caput
1063 1535 1264 1577 obiectare
1287 1535 1461 1590 periclis.

396 1595 595 1650 principio
619 1611 757 1638 muros
781 1596 1035 1650 obscuraque
1057 1596 1198 1637 limina
1220 1602 1372 1650 portae,

397 1670 480 1710 qua
501 1671 690 1712 gressum
713 1657 954 1708 extuleram,
979 1663 1118 1712 repeto
1142 1663 1183 1698 et
1205 1657 1379 1712 vestigia
1400 1662 1508 1699 retro

397 1716 613 1759 observata
637 1733 785 1772 sequor
805 1733 879 1773 per
901 1724 1062 1760 noctem
1085 1724 1125 1759 et
1146 1718 1298 1759 lumine
1321 1718 1462 1759 lustro.

396 1777 539 1820 horror
561 1779 732 1833 ubique,
758 1780 915 1821 animos
940 1779 1061 1821 simul
1083 1779 1174 1833 ipsa
1198 1778 1356 1820 silentia
1379 1784 1539 1819 terrent.

311 1851 373 1882 755
397 1837 492 1880 inde
517 1839 700 1890 domum,
727 1840 762 1881 si
785 1840 889 1882 forte
912 1841 1078 1895 pedem,
1105 1840 1141 1882 si
1162 1840 1267 1881 forte
1290 1840 1461 1889 tulisset,

396 1913 463 1941 me
485 1899 630 1941 refero.
654 1900 860 1942 inruerant
882 1900 1020 1942 Danai
1043 1906 1084 1941 et
1106 1906 1258 1941 tectum
1282 1913 1401 1941 omne
1425 1899 1627 1941 tenebant.

397 1958 506 2001 ilicet
529 1960 636 2016 ignis
661 1961 766 2002 edax
790 1976 951 2003 summa
973 1962 1026 2002 ad
1047 1961 1214 2015 fastigia
1236 1965 1358 2002 vento

397 2020 592 2072 volvitur;
617 2027 864 2077 exsuperant
885 2022 1091 2071 flammae,
1117 2020 1215 2062 furit
1238 2026 1375 2062 aestus
1400 2020 1453 2061 ad
1476 2035 1609 2063 auras.

396 2082 574 2136 procedo
598 2088 639 2124 et
660 2082 815 2124 Priami
839 2083 957 2125 sedes
981 2096 1195 2135 arcemque
1218 2081 1365 2123 reviso.

311 2154 376 2186 760
400 2149 440 2183 et
461 2141 543 2183 iam
566 2143 788 2198 porticibus
813 2144 953 2185 vacuis
977 2143 1146 2184 Iunonis
1171 2142 1285 2197 asylo

398 2204 588 2246 custodes
611 2204 707 2246 lecti
728 2204 917 2246 Phoenix
940 2210 981 2245 et
1003 2204 1114 2245 dirus
1139 2203 1284 2245 Ulixes

396 2265 591 2318 praedam
615 2265 897 2307 adservabant.
921 2265 1003 2306 huc
1025 2265 1205 2318 undique
1229 2263 1354 2305 Troia
1376 2278 1481 2319 gaza

397 2324 574 2368 incensis
599 2332 737 2381 erepta
760 2327 911 2382 adytis,
936 2339 1182 2379 mensaeque
1205 2325 1385 2374 deorum,

398 2392 654 2441 crateresque
678 2402 776 2429 auro
801 2388 937 2437 solidi,
963 2387 1203 2441 captivaque
1225 2385 1351 2427 vestis

312 2459 375 2490 765
400 2449 643 2503 congeritur.
668 2449 785 2504 pueri
808 2454 848 2490 et
869 2448 1042 2503 pavidae
1064 2447 1188 2503 longo
1212 2446 1351 2488 ordine
1375 2451 1522 2486 matres

400 2515 509 2550 stant
531 2510 697 2551 circum.
1529 2505 1532 2508 ⁴

399 2585 524 2613 ausus
548 2571 647 2625 quin
670 2571 792 2612 etiam
815 2583 936 2612 voces
959 2569 1110 2611 iactare
1132 2583 1205 2623 per
1227 2566 1412 2609 umbram

399 2630 552 2684 inplevi
575 2631 749 2673 clamore
771 2631 878 2680 vias,
903 2635 1165 2683 maestusque
1190 2628 1389 2670 Creusam

401 2692 647 2745 nequiquam
670 2692 924 2747 ingeminans
947 2691 1174 2743 iterumque
1197 2689 1423 2740 iterumque
1447 2685 1602 2728 vocavi.
