1780 3074
566 291 1006 332 AENEnooslassqu.
1243 333 1247 335 s
1385 280 1468 323 109

520 668 1060 722 AENEIDOS

605 879 866 918 LIBER
914 879 970 917 Π.

166 1014 415 1058 Conticuere
439 1026 583 1055 omnes
608 1011 837 1066 intentique
862 1026 935 1054 ora
958 1010 1166 1053 tenebant.

107 1078 204 1120 inde
226 1083 316 1119 toro
339 1081 458 1132 pater
479 1073 649 1116 Aeneas
675 1074 735 1116 sie
759 1089 878 1116 orsus
903 1073 956 1116 ab
981 1073 1084 1116 alto:

110 1139 371 1191 „infandum,
395 1137 558 1194 regina,
582 1136 702 1178 iubes
724 1151 925 1178 renovare
949 1136 1147 1187 dolorem,

109 1201 311 1243 Troianas
335 1205 382 1241 ut
405 1213 505 1255 opes
530 1204 571 1240 et
592 1198 857 1241 lamentabile
879 1213 1058 1255 regnum

110 1263 289 1305 emerint
310 1261 470 1311 Danai,
494 1275 684 1315 quaeque
706 1261 798 1316 ipse
821 1261 1054 1302 miserrima
1076 1260 1175 1311 vidi,
1500 1276 1519 1305 5

111 1331 152 1366 et
175 1339 351 1379 quorum
373 1338 470 1378 pars
494 1337 647 1378 magna
669 1322 743 1364 fui.
769 1322 862 1377 quis
887 1322 986 1364 talia
1008 1322 1137 1364 fando

110 1385 423 1442 Myrmidonum
445 1384 711 1439 Dolopumve
735 1390 807 1426 aut
830 1384 923 1425 duri
944 1384 1064 1426 miles
1088 1384 1208 1426 Ulixi

110 1452 312 1503 temperet
334 1462 361 1488 a
382 1444 581 1488 lacrimis!
606 1451 649 1487 et
669 1445 754 1486 iam
776 1460 862 1486 nox
884 1445 1056 1487 humida
1079 1446 1194 1487 caelo

110 1509 370 1566 praecipitat,
396 1508 654 1561 suadentque
678 1507 869 1548 cadentia
893 1506 1029 1548 sidera
1053 1522 1234 1549 somnos.

113 1572 187 1614 sed
210 1571 247 1613 si
270 1576 407 1612 tantus
431 1584 548 1612 amor
571 1584 694 1611 casus
719 1583 970 1625 cognoscere
993 1575 1157 1611 nostros
1503 1586 1544 1615 10

112 1639 153 1676 ct
174 1633 355 1676 breviter
377 1631 527 1673 Troiae
552 1645 792 1686 supremum
816 1631 959 1672 audire
981 1629 1179 1682 laborem,

111 1709 364 1750 quamquam
388 1693 551 1735 animus
575 1693 813 1735 meminisse
837 1692 993 1743 horret,
1018 1692 1215 1747 luctuque
1239 1692 1406 1750 refugit,

111 1757 319 1813 incipiam.

365 1819 403 1861 F
403 1819 508 1861 raeti
529 1818 639 1861 bello
663 1818 844 1873 fatisque
866 1818 1023 1874 repulsi

113 1882 304 1923 ductores
328 1880 544 1931 Danaum,
569 1886 630 1922 tot
652 1880 735 1922 iam
758 1880 993 1922 labentibus
1019 1880 1151 1930 annis,

112 1944 242 1986 instar
264 1942 416 1984 montis
441 1957 595 1996 equum
619 1942 760 1984 divina
782 1942 966 1984 Palladis
992 1948 1079 1984 arte
1507 1958 1546 1986 15>

114 2004 350 2055 aedificant,
376 2010 571 2059 sectaque
593 2004 785 2046 intexunt
807 2003 942 2046 abiete
967 2011 1124 2055 costas3

113 2073 255 2109 votum
278 2081 354 2122 pro
377 2066 512 2108 reditu
537 2066 751 2118 simulant3
777 2081 827 2108 ea
849 2066 964 2109 fama
986 2073 1175 2124 vagatur.

114 2129 196 2171 huc
219 2129 379 2171 delecta
402 2129 538 2170 virum
562 2129 696 2171 sortiti
719 2143 892 2185 corpora
914 2129 1058 2171 furtim

114 2190 330 2232 includunt
353 2205 476 2232 caeco
499 2191 635 2241 lateri,
659 2191 908 2246 penitusque
932 2206 1131 2234 cavernas

115 2252 295 2308 ingentis
319 2258 563 2307 uterumque
586 2261 744 2295 armato
767 2254 897 2296 milite
921 2255 1127 2311 conplent.
1507 2267 1548 2296 ΞΟ

173 2311 256 2353 Est
278 2312 322 2353 in
345 2320 570 2368 conspectu
593 2314 807 2366 Tenedos,
830 2317 1049 2358 notissima
1071 2317 1186 2358 sama

118 2372 272 2422 insula,
298 2372 414 2414 dives
438 2388 583 2428 opum,
607 2374 765 2417 Priami
789 2377 890 2418 dum
911 2392 1042 2433 regna
1064 2377 1302 2428 manebant,

119 2448 230 2475 nunc
254 2439 413 2475 tantum
438 2434 554 2476 sinus
578 2441 619 2476 et
642 2436 764 2478 statio
787 2437 895 2478 male
918 2438 1003 2479 fida
1027 2439 1197 2489 earinis;

120 2494 203 2537 huc
226 2509 271 2537 se
294 2495 478 2550 provecti
501 2495 664 2538 deserto
687 2497 731 2538 in
754 2497 872 2539 litore
897 2499 1092 2540 condunt.

120 2571 196 2598 nos
221 2555 374 2598 abiisse
396 2557 476 2598 rati
499 2563 541 2599 et
563 2564 688 2599 vento
710 2559 881 2614 petiisse
904 2558 1123 2615 Mycenas.
1508 2576 1549 2606 25

122 2632 222 2674 ergo
246 2618 379 2661 omnis
403 2618 529 2675 longo
554 2619 677 2662 solvit
701 2635 747 2662 se
771 2620 950 2663 Teucria
971 2622 1101 2664 luctu.

121 2679 358 2735 panduntur
378 2686 522 2736 portae
529 2697 541 2732 3
565 2681 680 2723 iuvat
701 2682 761 2724 ire
785 2688 827 2724 et
847 2682 1006 2725 Dorica
1029 2690 1164 2727 castra

124 2740 392 2796 desertosque
415 2742 556 2785 videre
578 2743 693 2786 locos
717 2743 899 2799 litusque
922 2745 1123 2789 relictum.
