<?xml version="1.0" encoding="UTF-8"?>
<!DOCTYPE html PUBLIC "-//W3C//DTD XHTML 1.0 Transitional//EN"
    "http://www.w3.org/TR/xhtml1/DTD/xhtml1-transitional.dtd">
<html xmlns="http://www.w3.org/1999/xhtml" xml:lang="en" lang="en">
 <head>
  <title>
</title>
<meta http-equiv="Content-Type" content="text/html;charset=utf-8" />
  <meta name='ocr-system' content='tesseract 3.04.00' />
  <meta name='ocr-capabilities' content='ocr_page ocr_carea ocr_par ocr_line ocrx_word'/>
</head>
<body>
  <div class='ocr_page' id='page_1' title='image "./operavirg00virguoft/operavirg00virguoft_0159.png"; bbox 0 0 1780 3074; ppageno 0'>
   <div class='ocr_carea' id='block_1_1' title="bbox 576 283 1018 323">
    <p class='ocr_par' dir='ltr' id='par_1_1' title="bbox 576 283 1018 323">
     <span class='ocr_line' id='line_1_1' title="bbox 576 283 1018 323; baseline -0.007 0"><span class='ocrx_word' id='word_1_1' title='bbox 576 283 835 323; x_wconf 85' lang='lat' dir='ltr'>AENEIDOS</span> <span class='ocrx_word' id='word_1_2' title='bbox 853 284 951 320; x_wconf 88' lang='lat' dir='ltr'><strong>LIB.</strong></span> <span class='ocrx_word' id='word_1_3' title='bbox 969 285 1018 320; x_wconf 90' lang='lat'><strong>11.</strong></span> 
     </span>
    </p>
   </div>
   <div class='ocr_carea' id='block_1_2' title="bbox 119 387 1215 881">
    <p class='ocr_par' dir='ltr' id='par_1_2' title="bbox 119 387 1215 881">
     <span class='ocr_line' id='line_1_2' title="bbox 119 387 1211 444; baseline -0.008 -6"><span class='ocrx_word' id='word_1_4' title='bbox 119 394 294 438; x_wconf 83' lang='lat' dir='ltr'><strong>intonuit</strong></span> <span class='ocrx_word' id='word_1_5' title='bbox 316 393 500 442; x_wconf 89' lang='lat' dir='ltr'><strong>laevum,</strong></span> <span class='ocrx_word' id='word_1_6' title='bbox 526 396 567 432; x_wconf 91' lang='lat' dir='ltr'><strong>et</strong></span> <span class='ocrx_word' id='word_1_7' title='bbox 590 390 643 432; x_wconf 92' lang='lat' dir='ltr'><strong>de</strong></span> <span class='ocrx_word' id='word_1_8' title='bbox 667 389 782 431; x_wconf 85' lang='lat' dir='ltr'><strong>caelo</strong></span> <span class='ocrx_word' id='word_1_9' title='bbox 805 388 923 444; x_wconf 85' lang='lat' dir='ltr'><strong>lapsa</strong></span> <span class='ocrx_word' id='word_1_10' title='bbox 945 402 1020 444; x_wconf 88' lang='lat' dir='ltr'><strong>per</strong></span> <span class='ocrx_word' id='word_1_11' title='bbox 1042 387 1211 430; x_wconf 83' lang='lat' dir='ltr'><strong>umbras</strong></span> 
     </span>
     <span class='ocr_line' id='line_1_3' title="bbox 120 450 1183 500; baseline -0.008 -1"><span class='ocrx_word' id='word_1_12' title='bbox 120 457 240 500; x_wconf 81' lang='lat' dir='ltr'><strong>stella</strong></span> <span class='ocrx_word' id='word_1_13' title='bbox 262 455 399 498; x_wconf 82' lang='lat' dir='ltr'><strong>facem</strong></span> <span class='ocrx_word' id='word_1_14' title='bbox 422 454 580 496; x_wconf 91' lang='lat' dir='ltr'><strong>ducens</strong></span> <span class='ocrx_word' id='word_1_15' title='bbox 604 451 735 493; x_wconf 88' lang='lat' dir='ltr'><strong>multa</strong></span> <span class='ocrx_word' id='word_1_16' title='bbox 759 465 854 493; x_wconf 90' lang='lat' dir='ltr'><strong>cum</strong></span> <span class='ocrx_word' id='word_1_17' title='bbox 876 450 970 492; x_wconf 90' lang='lat' dir='ltr'><strong>luce</strong></span> <span class='ocrx_word' id='word_1_18' title='bbox 994 450 1183 491; x_wconf 82' lang='lat' dir='ltr'>cucurrit.</span> 
     </span>
     <span class='ocr_line' id='line_1_4' title="bbox 122 512 1131 571; baseline -0.007 -11"><span class='ocrx_word' id='word_1_19' title='bbox 122 519 235 560; x_wconf 86' lang='lat' dir='ltr'><strong>illam</strong></span> <span class='ocrx_word' id='word_1_20' title='bbox 261 531 424 559; x_wconf 86' lang='lat' dir='ltr'><strong>summa</strong></span> <span class='ocrx_word' id='word_1_21' title='bbox 448 529 572 571; x_wconf 92' lang='lat' dir='ltr'><strong>super</strong></span> <span class='ocrx_word' id='word_1_22' title='bbox 594 513 804 556; x_wconf 88' lang='lat' dir='ltr'><strong>labentem</strong></span> <span class='ocrx_word' id='word_1_23' title='bbox 827 512 1009 554; x_wconf 86' lang='lat' dir='ltr'><strong>culmina</strong></span> <span class='ocrx_word' id='word_1_24' title='bbox 1033 512 1131 554; x_wconf 88' lang='lat' dir='ltr'><strong>tecti</strong></span> 
     </span>
     <span class='ocr_line' id='line_1_5' title="bbox 120 574 1052 623; baseline -0.008 0"><span class='ocrx_word' id='word_1_25' title='bbox 120 580 324 623; x_wconf 88' lang='lat' dir='ltr'><strong>cernimus</strong></span> <span class='ocrx_word' id='word_1_26' title='bbox 348 578 476 620; x_wconf 84' lang='lat' dir='ltr'><strong>Idaea</strong></span> <span class='ocrx_word' id='word_1_27' title='bbox 500 577 653 619; x_wconf 84' lang='lat' dir='ltr'><strong>claram</strong></span> <span class='ocrx_word' id='word_1_28' title='bbox 677 591 722 618; x_wconf 89' lang='lat' dir='ltr'><strong>se</strong></span> <span class='ocrx_word' id='word_1_29' title='bbox 746 575 923 618; x_wconf 90' lang='lat' dir='ltr'><strong>condere</strong></span> <span class='ocrx_word' id='word_1_30' title='bbox 946 574 1052 616; x_wconf 82' lang='lat' dir='ltr'><strong>silva</strong></span> 
     </span>
     <span class='ocr_line' id='line_1_6' title="bbox 121 635 1152 699; baseline -0.007 -15"><span class='ocrx_word' id='word_1_31' title='bbox 121 642 436 699; x_wconf 82' lang='lat' dir='ltr'><strong>signantemque</strong></span> <span class='ocrx_word' id='word_1_32' title='bbox 459 639 571 690; x_wconf 84' lang='lat' dir='ltr'><strong>vias;</strong></span> <span class='ocrx_word' id='word_1_33' title='bbox 595 644 684 680; x_wconf 91' lang='lat' dir='ltr'><strong>tum</strong></span> <span class='ocrx_word' id='word_1_34' title='bbox 707 637 835 694; x_wconf 89' lang='lat' dir='ltr'><strong>longo</strong></span> <span class='ocrx_word' id='word_1_35' title='bbox 857 636 987 678; x_wconf 90' lang='lat' dir='ltr'><strong>limite</strong></span> <span class='ocrx_word' id='word_1_36' title='bbox 1012 635 1152 678; x_wconf 90' lang='lat' dir='ltr'><strong>sulcus</strong></span> 
     </span>
     <span class='ocr_line' id='line_1_7' title="bbox 120 698 1215 752; baseline -0.005 -7"><span class='ocrx_word' id='word_1_37' title='bbox 120 703 193 745; x_wconf 85' lang='lat' dir='ltr'><strong>dat</strong></span> <span class='ocrx_word' id='word_1_38' title='bbox 215 702 370 752; x_wconf 89' lang='lat' dir='ltr'><strong>lucem,</strong></span> <span class='ocrx_word' id='word_1_39' title='bbox 396 707 437 743; x_wconf 89' lang='lat' dir='ltr'><strong>et</strong></span> <span class='ocrx_word' id='word_1_40' title='bbox 459 701 540 742; x_wconf 89' lang='lat' dir='ltr'><strong>late</strong></span> <span class='ocrx_word' id='word_1_41' title='bbox 565 700 720 742; x_wconf 89' lang='lat' dir='ltr'><strong>circum</strong></span> <span class='ocrx_word' id='word_1_42' title='bbox 742 699 835 741; x_wconf 90' lang='lat' dir='ltr'><strong>loca</strong></span> <span class='ocrx_word' id='word_1_43' title='bbox 859 699 1016 740; x_wconf 88' lang='lat' dir='ltr'><strong>sulfure</strong></span> <span class='ocrx_word' id='word_1_44' title='bbox 1041 698 1215 740; x_wconf 85' lang='lat' dir='ltr'><strong>fumant.</strong></span> 
     </span>
     <span class='ocr_line' id='line_1_8' title="bbox 121 760 1079 818; baseline -0.005 -12"><span class='ocrx_word' id='word_1_45' title='bbox 121 765 190 806; x_wconf 88' lang='lat' dir='ltr'><strong>hic</strong></span> <span class='ocrx_word' id='word_1_46' title='bbox 215 779 312 806; x_wconf 86' lang='lat' dir='ltr'><strong>vero</strong></span> <span class='ocrx_word' id='word_1_47' title='bbox 336 763 471 805; x_wconf 86' lang='lat' dir='ltr'><strong>victus</strong></span> <span class='ocrx_word' id='word_1_48' title='bbox 495 762 659 818; x_wconf 88' lang='lat' dir='ltr'><strong>genitor</strong></span> <span class='ocrx_word' id='word_1_49' title='bbox 681 775 727 803; x_wconf 88' lang='lat' dir='ltr'><strong>se</strong></span> <span class='ocrx_word' id='word_1_50' title='bbox 751 760 857 803; x_wconf 91' lang='lat' dir='ltr'><strong>tollit</strong></span> <span class='ocrx_word' id='word_1_51' title='bbox 880 760 934 802; x_wconf 87' lang='lat' dir='ltr'><strong>ad</strong></span> <span class='ocrx_word' id='word_1_52' title='bbox 957 775 1079 802; x_wconf 85' lang='lat' dir='ltr'><strong>auras</strong></span> 
     </span>
     <span class='ocr_line' id='line_1_9' title="bbox 122 822 1091 881; baseline -0.006 -12"><span class='ocrx_word' id='word_1_53' title='bbox 122 827 367 881; x_wconf 81' lang='lat' dir='ltr'>adfaturque</span> <span class='ocrx_word' id='word_1_54' title='bbox 391 825 491 867; x_wconf 90' lang='lat' dir='ltr'><strong>deos</strong></span> <span class='ocrx_word' id='word_1_55' title='bbox 516 831 558 866; x_wconf 88' lang='lat' dir='ltr'><strong>et</strong></span> <span class='ocrx_word' id='word_1_56' title='bbox 581 829 771 865; x_wconf 82' lang='lat' dir='ltr'><strong>sanctum</strong></span> <span class='ocrx_word' id='word_1_57' title='bbox 795 822 911 864; x_wconf 88' lang='lat' dir='ltr'><strong>sidus</strong></span> <span class='ocrx_word' id='word_1_58' title='bbox 935 822 1091 864; x_wconf 83' lang='lat' dir='ltr'><strong>adorat.</strong></span> 
     </span>
    </p>
   </div>
   <div class='ocr_carea' id='block_1_3' title="bbox 1397 275 1477 317">
    <p class='ocr_par' dir='ltr' id='par_1_3' title="bbox 1397 275 1477 317">
     <span class='ocr_line' id='line_1_10' title="bbox 1397 275 1477 317; baseline 0 -1"><span class='ocrx_word' id='word_1_59' title='bbox 1397 275 1477 317; x_wconf 74' lang='lat'><strong>127</strong></span> 
     </span>
    </p>
   </div>
   <div class='ocr_carea' id='block_1_4' title="bbox 1506 588 1570 620">
    <p class='ocr_par' dir='ltr' id='par_1_4' title="bbox 1506 588 1570 620">
     <span class='ocr_line' id='line_1_11' title="bbox 1506 588 1570 620; baseline -0.016 0"><span class='ocrx_word' id='word_1_60' title='bbox 1506 588 1570 620; x_wconf 80' lang='lat'><strong>695</strong></span> 
     </span>
    </p>
   </div>
   <div class='ocr_carea' id='block_1_5' title="bbox 124 884 1574 940">
    <p class='ocr_par' dir='ltr' id='par_1_5' title="bbox 124 884 1574 940">
     <span class='ocr_line' id='line_1_12' title="bbox 124 884 1574 940; baseline -0.002 -9"><span class='ocrx_word' id='word_1_61' title='bbox 124 890 232 940; x_wconf 84' lang='lat' dir='ltr'><strong>„iam</strong></span> <span class='ocrx_word' id='word_1_62' title='bbox 254 888 339 930; x_wconf 83' lang='lat' dir='ltr'><strong>iam</strong></span> <span class='ocrx_word' id='word_1_63' title='bbox 360 886 475 928; x_wconf 84' lang='lat' dir='ltr'><strong>nulla</strong></span> <span class='ocrx_word' id='word_1_64' title='bbox 496 900 614 928; x_wconf 82' lang='lat' dir='ltr'><strong>mora</strong></span> <span class='ocrx_word' id='word_1_65' title='bbox 636 891 718 936; x_wconf 83' lang='lat' dir='ltr'><strong>est3</strong></span> <span class='ocrx_word' id='word_1_66' title='bbox 743 899 895 939; x_wconf 88' lang='lat' dir='ltr'><strong>sequor</strong></span> <span class='ocrx_word' id='word_1_67' title='bbox 917 890 959 926; x_wconf 90' lang='lat' dir='ltr'><strong>et</strong></span> <span class='ocrx_word' id='word_1_68' title='bbox 981 898 1065 938; x_wconf 87' lang='lat' dir='ltr'><strong>qua</strong></span> <span class='ocrx_word' id='word_1_69' title='bbox 1089 884 1239 926; x_wconf 87' lang='lat' dir='ltr'><strong>ducitis</strong></span> <span class='ocrx_word' id='word_1_70' title='bbox 1264 885 1424 927; x_wconf 86' lang='lat' dir='ltr'><strong>adsum.</strong></span> <span class='ocrx_word' id='word_1_71' title='bbox 1510 899 1574 930; x_wconf 76' lang='lat'><strong>700</strong></span> 
     </span>
    </p>
   </div>
   <div class='ocr_carea' id='block_1_6' title="bbox 122 947 1142 1007">
    <p class='ocr_par' dir='ltr' id='par_1_6' title="bbox 122 947 1142 1007">
     <span class='ocr_line' id='line_1_13' title="bbox 122 947 1142 1007; baseline -0.006 -14"><span class='ocrx_word' id='word_1_72' title='bbox 122 952 166 993; x_wconf 89' lang='lat' dir='ltr'><strong>di</strong></span> <span class='ocrx_word' id='word_1_73' title='bbox 187 949 327 1007; x_wconf 82' lang='lat' dir='ltr'><strong>patrii,</strong></span> <span class='ocrx_word' id='word_1_74' title='bbox 353 953 513 990; x_wconf 83' lang='lat' dir='ltr'><strong>servate</strong></span> <span class='ocrx_word' id='word_1_75' title='bbox 537 947 725 997; x_wconf 91' lang='lat' dir='ltr'><strong>domum,</strong></span> <span class='ocrx_word' id='word_1_76' title='bbox 752 953 913 989; x_wconf 84' lang='lat' dir='ltr'><strong>servate</strong></span> <span class='ocrx_word' id='word_1_77' title='bbox 936 952 1142 1002; x_wconf 87' lang='lat' dir='ltr'><strong>nepotem.</strong></span> 
     </span>
    </p>
   </div>
   <div class='ocr_carea' id='block_1_7' title="bbox 123 1007 1426 1066">
    <p class='ocr_par' dir='ltr' id='par_1_7' title="bbox 123 1007 1426 1066">
     <span class='ocr_line' id='line_1_14' title="bbox 123 1007 1426 1066; baseline -0.002 -12"><span class='ocrx_word' id='word_1_78' title='bbox 123 1018 307 1054; x_wconf 84' lang='lat' dir='ltr'><strong>vestrum</strong></span> <span class='ocrx_word' id='word_1_79' title='bbox 328 1010 409 1052; x_wconf 90' lang='lat' dir='ltr'><strong>hoc</strong></span> <span class='ocrx_word' id='word_1_80' title='bbox 431 1009 671 1066; x_wconf 86' lang='lat' dir='ltr'><strong>augurium,</strong></span> <span class='ocrx_word' id='word_1_81' title='bbox 695 1015 918 1063; x_wconf 85' lang='lat' dir='ltr'><strong>vestroque</strong></span> <span class='ocrx_word' id='word_1_82' title='bbox 940 1008 984 1049; x_wconf 84' lang='lat' dir='ltr'><strong>in</strong></span> <span class='ocrx_word' id='word_1_83' title='bbox 1007 1008 1176 1050; x_wconf 90' lang='lat' dir='ltr'><strong>numine</strong></span> <span class='ocrx_word' id='word_1_84' title='bbox 1201 1007 1328 1050; x_wconf 89' lang='lat' dir='ltr'><strong>Troia</strong></span> <span class='ocrx_word' id='word_1_85' title='bbox 1351 1017 1426 1051; x_wconf 84' lang='lat' dir='ltr'><strong>est.</strong></span> 
     </span>
    </p>
   </div>
   <div class='ocr_carea' id='block_1_8' title="bbox 122 1070 1280 1376">
    <p class='ocr_par' dir='ltr' id='par_1_8' title="bbox 122 1070 1280 1376">
     <span class='ocr_line' id='line_1_15' title="bbox 123 1070 1279 1127; baseline -0.004 -11"><span class='ocrx_word' id='word_1_86' title='bbox 123 1074 225 1116; x_wconf 92' lang='lat' dir='ltr'><strong>cedo</strong></span> <span class='ocrx_word' id='word_1_87' title='bbox 249 1072 461 1127; x_wconf 84' lang='lat' dir='ltr'><strong>equidem,</strong></span> <span class='ocrx_word' id='word_1_88' title='bbox 485 1085 581 1121; x_wconf 91' lang='lat' dir='ltr'><strong>nec,</strong></span> <span class='ocrx_word' id='word_1_89' title='bbox 606 1076 721 1121; x_wconf 85' lang='lat' dir='ltr'><strong>nate,</strong></span> <span class='ocrx_word' id='word_1_90' title='bbox 746 1070 822 1113; x_wconf 86' lang='lat' dir='ltr'><strong>tibi</strong></span> <span class='ocrx_word' id='word_1_91' title='bbox 845 1085 985 1113; x_wconf 88' lang='lat' dir='ltr'><strong>comes</strong></span> <span class='ocrx_word' id='word_1_92' title='bbox 1008 1070 1069 1111; x_wconf 90' lang='lat' dir='ltr'><strong>ire</strong></span> <span class='ocrx_word' id='word_1_93' title='bbox 1092 1073 1279 1112; x_wconf 84' lang='lat' dir='ltr'><strong>recuso.“</strong></span> 
     </span>
     <span class='ocr_line' id='line_1_16' title="bbox 122 1132 1149 1188; baseline -0.003 -11"><span class='ocrx_word' id='word_1_94' title='bbox 122 1135 281 1177; x_wconf 83' lang='lat' dir='ltr'><strong>dixerat</strong></span> <span class='ocrx_word' id='word_1_95' title='bbox 303 1133 391 1184; x_wconf 91' lang='lat' dir='ltr'><strong>ille,</strong></span> <span class='ocrx_word' id='word_1_96' title='bbox 416 1139 458 1175; x_wconf 90' lang='lat' dir='ltr'><strong>et</strong></span> <span class='ocrx_word' id='word_1_97' title='bbox 479 1133 563 1175; x_wconf 87' lang='lat' dir='ltr'><strong>iam</strong></span> <span class='ocrx_word' id='word_1_98' title='bbox 586 1147 661 1188; x_wconf 91' lang='lat' dir='ltr'><strong>per</strong></span> <span class='ocrx_word' id='word_1_99' title='bbox 682 1132 847 1175; x_wconf 89' lang='lat' dir='ltr'><strong>moenia</strong></span> <span class='ocrx_word' id='word_1_100' title='bbox 870 1132 1018 1174; x_wconf 86' lang='lat' dir='ltr'><strong>clarior</strong></span> <span class='ocrx_word' id='word_1_101' title='bbox 1040 1132 1149 1188; x_wconf 87' lang='lat' dir='ltr'><strong>ignis</strong></span> 
     </span>
     <span class='ocr_line' id='line_1_17' title="bbox 122 1194 1171 1251; baseline -0.002 -13"><span class='ocrx_word' id='word_1_102' title='bbox 122 1196 304 1246; x_wconf 83' lang='lat' dir='ltr'>auditur,</span> <span class='ocrx_word' id='word_1_103' title='bbox 329 1194 583 1251; x_wconf 86' lang='lat' dir='ltr'><strong>propiusque</strong></span> <span class='ocrx_word' id='word_1_104' title='bbox 607 1200 748 1237; x_wconf 85' lang='lat' dir='ltr'><strong>aestus</strong></span> <span class='ocrx_word' id='word_1_105' title='bbox 771 1194 964 1236; x_wconf 87' lang='lat' dir='ltr'><strong>incendia</strong></span> <span class='ocrx_word' id='word_1_106' title='bbox 986 1194 1171 1237; x_wconf 82' lang='lat' dir='ltr'><strong>volvunt.</strong></span> 
     </span>
     <span class='ocr_line' id='line_1_18' title="bbox 125 1257 1256 1314; baseline -0.002 -14"><span class='ocrx_word' id='word_1_107' title='bbox 125 1272 249 1314; x_wconf 89' lang='lat' dir='ltr'><strong>„ergo</strong></span> <span class='ocrx_word' id='word_1_108' title='bbox 277 1271 370 1312; x_wconf 85' lang='lat' dir='ltr'><strong>age,</strong></span> <span class='ocrx_word' id='word_1_109' title='bbox 396 1271 489 1298; x_wconf 85' lang='lat' dir='ltr'><strong>care</strong></span> <span class='ocrx_word' id='word_1_110' title='bbox 509 1262 649 1313; x_wconf 82' lang='lat' dir='ltr'><strong>pater,</strong></span> <span class='ocrx_word' id='word_1_111' title='bbox 674 1257 825 1298; x_wconf 87' lang='lat' dir='ltr'><strong>cervici</strong></span> <span class='ocrx_word' id='word_1_112' title='bbox 847 1257 1046 1312; x_wconf 85' lang='lat' dir='ltr'><strong>inponere</strong></span> <span class='ocrx_word' id='word_1_113' title='bbox 1068 1263 1256 1308; x_wconf 81' lang='lat' dir='ltr'><strong>nostrae3</strong></span> 
     </span>
     <span class='ocr_line' id='line_1_19' title="bbox 123 1318 1280 1376; baseline -0.001 -15"><span class='ocrx_word' id='word_1_114' title='bbox 123 1320 212 1376; x_wconf 88' lang='lat' dir='ltr'><strong>ipse</strong></span> <span class='ocrx_word' id='word_1_115' title='bbox 237 1318 385 1361; x_wconf 90' lang='lat' dir='ltr'><strong>subibo</strong></span> <span class='ocrx_word' id='word_1_116' title='bbox 407 1318 611 1368; x_wconf 89' lang='lat' dir='ltr'><strong>humeris,</strong></span> <span class='ocrx_word' id='word_1_117' title='bbox 635 1333 714 1364; x_wconf 84' lang='lat' dir='ltr'><strong>nec</strong></span> <span class='ocrx_word' id='word_1_118' title='bbox 737 1333 804 1360; x_wconf 92' lang='lat' dir='ltr'><strong>me</strong></span> <span class='ocrx_word' id='word_1_119' title='bbox 826 1318 946 1360; x_wconf 86' lang='lat' dir='ltr'><strong>labor</strong></span> <span class='ocrx_word' id='word_1_120' title='bbox 966 1319 1047 1361; x_wconf 88' lang='lat' dir='ltr'><strong>iste</strong></span> <span class='ocrx_word' id='word_1_121' title='bbox 1070 1318 1280 1375; x_wconf 81' lang='lat' dir='ltr'><strong>gravabit3</strong></span> 
     </span>
    </p>
   </div>
   <div class='ocr_carea' id='block_1_9' title="bbox 123 1381 1392 1436">
    <p class='ocr_par' dir='ltr' id='par_1_9' title="bbox 123 1381 1392 1436">
     <span class='ocr_line' id='line_1_20' title="bbox 123 1381 1392 1436; baseline -0.001 -13"><span class='ocrx_word' id='word_1_122' title='bbox 123 1396 207 1436; x_wconf 88' lang='lat' dir='ltr'><strong>quo</strong></span> <span class='ocrx_word' id='word_1_123' title='bbox 231 1395 298 1423; x_wconf 89' lang='lat' dir='ltr'><strong>res</strong></span> <span class='ocrx_word' id='word_1_124' title='bbox 323 1394 500 1434; x_wconf 91' lang='lat' dir='ltr'><strong>cumque</strong></span> <span class='ocrx_word' id='word_1_125' title='bbox 524 1381 691 1431; x_wconf 86' lang='lat' dir='ltr'><strong>cadent,</strong></span> <span class='ocrx_word' id='word_1_126' title='bbox 716 1395 846 1422; x_wconf 90' lang='lat' dir='ltr'><strong>unum</strong></span> <span class='ocrx_word' id='word_1_127' title='bbox 870 1386 912 1422; x_wconf 87' lang='lat' dir='ltr'><strong>et</strong></span> <span class='ocrx_word' id='word_1_128' title='bbox 935 1395 1154 1424; x_wconf 87' lang='lat' dir='ltr'><strong>commune</strong></span> <span class='ocrx_word' id='word_1_129' title='bbox 1178 1381 1392 1436; x_wconf 89' lang='lat' dir='ltr'><strong>periclum,</strong></span> 
     </span>
    </p>
   </div>
   <div class='ocr_carea' id='block_1_10' title="bbox 124 1441 1304 2602">
    <p class='ocr_par' dir='ltr' id='par_1_10' title="bbox 124 1441 1128 1497">
     <span class='ocr_line' id='line_1_21' title="bbox 124 1441 1128 1497; baseline -0.003 -11"><span class='ocrx_word' id='word_1_130' title='bbox 124 1458 208 1486; x_wconf 82' lang='lat' dir='ltr'><strong>una</strong></span> <span class='ocrx_word' id='word_1_131' title='bbox 231 1442 343 1486; x_wconf 86' lang='lat' dir='ltr'><strong>salus</strong></span> <span class='ocrx_word' id='word_1_132' title='bbox 367 1441 570 1484; x_wconf 88' lang='lat' dir='ltr'><strong>ambobus</strong></span> <span class='ocrx_word' id='word_1_133' title='bbox 595 1442 683 1484; x_wconf 86' lang='lat' dir='ltr'><strong>erit.</strong></span> <span class='ocrx_word' id='word_1_134' title='bbox 707 1442 810 1483; x_wconf 89' lang='lat' dir='ltr'><strong>mihi</strong></span> <span class='ocrx_word' id='word_1_135' title='bbox 831 1457 985 1497; x_wconf 86' lang='lat' dir='ltr'><strong>parvus</strong></span> <span class='ocrx_word' id='word_1_136' title='bbox 1009 1442 1128 1484; x_wconf 92' lang='lat' dir='ltr'><strong>Iulus</strong></span> 
     </span>
    </p>

    <p class='ocr_par' dir='ltr' id='par_1_11' title="bbox 126 1504 1151 1560">
     <span class='ocr_line' id='line_1_22' title="bbox 126 1504 1151 1560; baseline -0.002 -13"><span class='ocrx_word' id='word_1_137' title='bbox 126 1505 179 1548; x_wconf 87' lang='lat' dir='ltr'><strong>sit</strong></span> <span class='ocrx_word' id='word_1_138' title='bbox 202 1519 361 1555; x_wconf 88' lang='lat' dir='ltr'><strong>comcs,</strong></span> <span class='ocrx_word' id='word_1_139' title='bbox 387 1510 428 1546; x_wconf 87' lang='lat' dir='ltr'><strong>et</strong></span> <span class='ocrx_word' id='word_1_140' title='bbox 450 1504 574 1560; x_wconf 88' lang='lat' dir='ltr'><strong>longe</strong></span> <span class='ocrx_word' id='word_1_141' title='bbox 599 1510 735 1547; x_wconf 86' lang='lat' dir='ltr'><strong>servet</strong></span> <span class='ocrx_word' id='word_1_142' title='bbox 756 1504 935 1560; x_wconf 86' lang='lat' dir='ltr'><strong>vestigia</strong></span> <span class='ocrx_word' id='word_1_143' title='bbox 959 1504 1151 1546; x_wconf 86' lang='lat' dir='ltr'><strong>coniunx.</strong></span> 
     </span>
    </p>

    <p class='ocr_par' dir='ltr' id='par_1_12' title="bbox 125 1566 1304 1811">
     <span class='ocr_line' id='line_1_23' title="bbox 125 1566 1304 1621; baseline 0 -12"><span class='ocrx_word' id='word_1_144' title='bbox 125 1581 221 1618; x_wconf 84' lang='lat' dir='ltr'><strong>vos,</strong></span> <span class='ocrx_word' id='word_1_145' title='bbox 244 1566 409 1617; x_wconf 85' lang='lat' dir='ltr'><strong>famuli,</strong></span> <span class='ocrx_word' id='word_1_146' title='bbox 435 1580 542 1621; x_wconf 84' lang='lat' dir='ltr'><strong>quae</strong></span> <span class='ocrx_word' id='word_1_147' title='bbox 566 1566 720 1617; x_wconf 85' lang='lat' dir='ltr'><strong>dicam,</strong></span> <span class='ocrx_word' id='word_1_148' title='bbox 746 1566 895 1608; x_wconf 88' lang='lat' dir='ltr'><strong>animis</strong></span> <span class='ocrx_word' id='word_1_149' title='bbox 919 1566 1120 1608; x_wconf 86' lang='lat' dir='ltr'><strong>advertite</strong></span> <span class='ocrx_word' id='word_1_150' title='bbox 1143 1567 1304 1609; x_wconf 88' lang='lat' dir='ltr'><strong>vestris.</strong></span> 
     </span>
     <span class='ocr_line' id='line_1_24' title="bbox 126 1629 1267 1686; baseline -0.002 -14"><span class='ocrx_word' id='word_1_151' title='bbox 126 1636 190 1672; x_wconf 90' lang='lat' dir='ltr'><strong>est</strong></span> <span class='ocrx_word' id='word_1_152' title='bbox 212 1629 314 1672; x_wconf 88' lang='lat' dir='ltr'><strong>urbe</strong></span> <span class='ocrx_word' id='word_1_153' title='bbox 338 1629 518 1686; x_wconf 78' lang='lat' dir='ltr'><strong>egressis</strong></span> <span class='ocrx_word' id='word_1_154' title='bbox 542 1629 726 1671; x_wconf 89' lang='lat' dir='ltr'><strong>tumulus</strong></span> <span class='ocrx_word' id='word_1_155' title='bbox 750 1629 1033 1684; x_wconf 90' lang='lat' dir='ltr'><strong>templumque</strong></span> <span class='ocrx_word' id='word_1_156' title='bbox 1056 1634 1267 1671; x_wconf 85' lang='lat' dir='ltr'><strong>vetustum</strong></span> 
     </span>
     <span class='ocr_line' id='line_1_25' title="bbox 126 1690 1182 1746; baseline -0.001 -13"><span class='ocrx_word' id='word_1_157' title='bbox 126 1691 313 1733; x_wconf 85' lang='lat' dir='ltr'><strong>desertae</strong></span> <span class='ocrx_word' id='word_1_158' title='bbox 338 1691 522 1742; x_wconf 89' lang='lat' dir='ltr'><strong>Cereris,</strong></span> <span class='ocrx_word' id='word_1_159' title='bbox 546 1690 743 1745; x_wconf 81' lang='lat' dir='ltr'><strong>iuxtaque</strong></span> <span class='ocrx_word' id='word_1_160' title='bbox 767 1691 937 1745; x_wconf 86' lang='lat' dir='ltr'><strong>antiqua</strong></span> <span class='ocrx_word' id='word_1_161' title='bbox 960 1705 1182 1746; x_wconf 85' lang='lat' dir='ltr'><strong>cupressus</strong></span> 
     </span>
     <span class='ocr_line' id='line_1_26' title="bbox 126 1753 1141 1811; baseline 0 -16"><span class='ocrx_word' id='word_1_162' title='bbox 126 1753 325 1811; x_wconf 78' lang='lat' dir='ltr'><strong>religione</strong></span> <span class='ocrx_word' id='word_1_163' title='bbox 347 1759 513 1808; x_wconf 87' lang='lat' dir='ltr'><strong>patrum</strong></span> <span class='ocrx_word' id='word_1_164' title='bbox 536 1753 688 1795; x_wconf 85' lang='lat' dir='ltr'><strong>multos</strong></span> <span class='ocrx_word' id='word_1_165' title='bbox 713 1759 877 1796; x_wconf 84' lang='lat' dir='ltr'><strong>servata</strong></span> <span class='ocrx_word' id='word_1_166' title='bbox 899 1768 974 1809; x_wconf 89' lang='lat' dir='ltr'><strong>per</strong></span> <span class='ocrx_word' id='word_1_167' title='bbox 997 1768 1141 1795; x_wconf 77' lang='lat' dir='ltr'><strong>annos-</strong></span> 
     </span>
    </p>

    <p class='ocr_par' dir='ltr' id='par_1_13' title="bbox 126 1815 1132 1858">
     <span class='ocr_line' id='line_1_27' title="bbox 126 1815 1132 1858; baseline 0 -1"><span class='ocrx_word' id='word_1_168' title='bbox 126 1815 234 1857; x_wconf 86' lang='lat' dir='ltr'><strong>hanc</strong></span> <span class='ocrx_word' id='word_1_169' title='bbox 258 1830 310 1858; x_wconf 85' lang='lat' dir='ltr'><strong>ex</strong></span> <span class='ocrx_word' id='word_1_170' title='bbox 333 1816 497 1857; x_wconf 87' lang='lat' dir='ltr'><strong>diverso</strong></span> <span class='ocrx_word' id='word_1_171' title='bbox 522 1815 665 1858; x_wconf 88' lang='lat' dir='ltr'><strong>sedem</strong></span> <span class='ocrx_word' id='word_1_172' title='bbox 687 1816 901 1858; x_wconf 86' lang='lat' dir='ltr'><strong>veniemus</strong></span> <span class='ocrx_word' id='word_1_173' title='bbox 925 1816 970 1857; x_wconf 90' lang='lat' dir='ltr'><strong>in</strong></span> <span class='ocrx_word' id='word_1_174' title='bbox 993 1831 1132 1857; x_wconf 82' lang='lat' dir='ltr'><strong>unam.</strong></span> 
     </span>
    </p>

    <p class='ocr_par' dir='ltr' id='par_1_14' title="bbox 127 1877 1299 2052">
     <span class='ocr_line' id='line_1_28' title="bbox 128 1877 1299 1933; baseline 0.001 -15"><span class='ocrx_word' id='word_1_175' title='bbox 128 1886 190 1928; x_wconf 89' lang='lat' dir='ltr'><strong>tu,</strong></span> <span class='ocrx_word' id='word_1_176' title='bbox 215 1877 394 1933; x_wconf 89' lang='lat' dir='ltr'><strong>genitor,</strong></span> <span class='ocrx_word' id='word_1_177' title='bbox 420 1891 522 1932; x_wconf 85' lang='lat' dir='ltr'><strong>cape</strong></span> <span class='ocrx_word' id='word_1_178' title='bbox 547 1891 664 1919; x_wconf 84' lang='lat' dir='ltr'><strong>sacra</strong></span> <span class='ocrx_word' id='word_1_179' title='bbox 686 1892 810 1919; x_wconf 84' lang='lat' dir='ltr'><strong>manu</strong></span> <span class='ocrx_word' id='word_1_180' title='bbox 835 1877 1075 1933; x_wconf 86' lang='lat' dir='ltr'><strong>patriosque</strong></span> <span class='ocrx_word' id='word_1_181' title='bbox 1098 1877 1299 1928; x_wconf 82' lang='lat' dir='ltr'><strong>Penates;</strong></span> 
     </span>
     <span class='ocr_line' id='line_1_29' title="bbox 127 1938 1162 1995; baseline 0 -14"><span class='ocrx_word' id='word_1_182' title='bbox 127 1954 194 1981; x_wconf 92' lang='lat' dir='ltr'><strong>me</strong></span> <span class='ocrx_word' id='word_1_183' title='bbox 218 1938 326 1981; x_wconf 91' lang='lat' dir='ltr'><strong>bello</strong></span> <span class='ocrx_word' id='word_1_184' title='bbox 350 1953 373 1980; x_wconf 91' lang='lat' dir='ltr'><strong>e</strong></span> <span class='ocrx_word' id='word_1_185' title='bbox 397 1945 511 1981; x_wconf 83' lang='lat' dir='ltr'><strong>tanto</strong></span> <span class='ocrx_word' id='word_1_186' title='bbox 535 1939 769 1995; x_wconf 86' lang='lat' dir='ltr'><strong>digressum</strong></span> <span class='ocrx_word' id='word_1_187' title='bbox 793 1945 834 1981; x_wconf 92' lang='lat' dir='ltr'><strong>et</strong></span> <span class='ocrx_word' id='word_1_188' title='bbox 857 1940 983 1982; x_wconf 86' lang='lat' dir='ltr'><strong>caede</strong></span> <span class='ocrx_word' id='word_1_189' title='bbox 1006 1940 1162 1982; x_wconf 84' lang='lat' dir='ltr'><strong>recenti</strong></span> 
     </span>
     <span class='ocr_line' id='line_1_30' title="bbox 128 2001 1064 2052; baseline 0.002 -10"><span class='ocrx_word' id='word_1_190' title='bbox 128 2006 342 2043; x_wconf 85' lang='lat' dir='ltr'><strong>attrectare</strong></span> <span class='ocrx_word' id='word_1_191' title='bbox 366 2001 504 2052; x_wconf 87' lang='lat' dir='ltr'><strong>nefas,</strong></span> <span class='ocrx_word' id='word_1_192' title='bbox 529 2001 662 2043; x_wconf 90' lang='lat' dir='ltr'><strong>donec</strong></span> <span class='ocrx_word' id='word_1_193' title='bbox 684 2015 751 2043; x_wconf 90' lang='lat' dir='ltr'><strong>me</strong></span> <span class='ocrx_word' id='word_1_194' title='bbox 775 2001 944 2044; x_wconf 87' lang='lat' dir='ltr'><strong>flumine</strong></span> <span class='ocrx_word' id='word_1_195' title='bbox 967 2001 1064 2044; x_wconf 79' lang='lat' dir='ltr'><strong>vivo</strong></span> 
     </span>
    </p>

    <p class='ocr_par' dir='ltr' id='par_1_15' title="bbox 128 2061 338 2104">
     <span class='ocr_line' id='line_1_31' title="bbox 128 2061 338 2104; baseline 0.005 -1"><span class='ocrx_word' id='word_1_196' title='bbox 128 2061 338 2104; x_wconf 82' lang='lat' dir='ltr'><strong>abluero.“</strong></span> 
     </span>
    </p>

    <p class='ocr_par' dir='ltr' id='par_1_16' title="bbox 129 2122 1137 2180">
     <span class='ocr_line' id='line_1_32' title="bbox 129 2122 1137 2180; baseline 0.003 -15"><span class='ocrx_word' id='word_1_197' title='bbox 129 2122 231 2165; x_wconf 85' lang='lat' dir='ltr'><strong>haec</strong></span> <span class='ocrx_word' id='word_1_198' title='bbox 255 2123 364 2166; x_wconf 90' lang='lat' dir='ltr'><strong>fatus</strong></span> <span class='ocrx_word' id='word_1_199' title='bbox 389 2123 494 2166; x_wconf 83' lang='lat' dir='ltr'><strong>latos</strong></span> <span class='ocrx_word' id='word_1_200' title='bbox 518 2124 714 2167; x_wconf 90' lang='lat' dir='ltr'><strong>humeros</strong></span> <span class='ocrx_word' id='word_1_201' title='bbox 739 2124 1007 2180; x_wconf 86' lang='lat' dir='ltr'><strong>subiectaque</strong></span> <span class='ocrx_word' id='word_1_202' title='bbox 1031 2126 1137 2168; x_wconf 85' lang='lat' dir='ltr'><strong>colla</strong></span> 
     </span>
    </p>

    <p class='ocr_par' dir='ltr' id='par_1_17' title="bbox 130 2185 1301 2602">
     <span class='ocr_line' id='line_1_33' title="bbox 130 2185 1130 2242; baseline 0.005 -17"><span class='ocrx_word' id='word_1_203' title='bbox 130 2190 244 2226; x_wconf 86' lang='lat' dir='ltr'><strong>veste</strong></span> <span class='ocrx_word' id='word_1_204' title='bbox 269 2199 394 2239; x_wconf 88' lang='lat' dir='ltr'><strong>super</strong></span> <span class='ocrx_word' id='word_1_205' title='bbox 417 2185 602 2240; x_wconf 85' lang='lat' dir='ltr'><strong>fulvique</strong></span> <span class='ocrx_word' id='word_1_206' title='bbox 624 2186 831 2229; x_wconf 88' lang='lat' dir='ltr'><strong>insternor</strong></span> <span class='ocrx_word' id='word_1_207' title='bbox 851 2187 960 2242; x_wconf 91' lang='lat' dir='ltr'><strong>pelle</strong></span> <span class='ocrx_word' id='word_1_208' title='bbox 983 2187 1130 2238; x_wconf 91' lang='lat' dir='ltr'><strong>leonis,</strong></span> 
     </span>
     <span class='ocr_line' id='line_1_34' title="bbox 131 2245 1131 2303; baseline 0.005 -17"><span class='ocrx_word' id='word_1_209' title='bbox 131 2245 391 2299; x_wconf 77' lang='lat' dir='ltr'><strong>succedoque</strong></span> <span class='ocrx_word' id='word_1_210' title='bbox 414 2247 529 2288; x_wconf 88' lang='lat' dir='ltr'><strong>oneri</strong></span> <span class='ocrx_word' id='word_1_211' title='bbox 535 2263 548 2297; x_wconf 91' lang='lat'>;</span> <span class='ocrx_word' id='word_1_212' title='bbox 572 2247 742 2289; x_wconf 83' lang='lat' dir='ltr'><strong>dextrae</strong></span> <span class='ocrx_word' id='word_1_213' title='bbox 766 2262 812 2290; x_wconf 87' lang='lat' dir='ltr'><strong>se</strong></span> <span class='ocrx_word' id='word_1_214' title='bbox 834 2262 989 2303; x_wconf 82' lang='lat' dir='ltr'><strong>parvus</strong></span> <span class='ocrx_word' id='word_1_215' title='bbox 1013 2249 1131 2291; x_wconf 91' lang='lat' dir='ltr'><strong>Iulus</strong></span> 
     </span>
     <span class='ocr_line' id='line_1_35' title="bbox 131 2305 1301 2365; baseline 0.006 -19"><span class='ocrx_word' id='word_1_216' title='bbox 131 2305 318 2360; x_wconf 88' lang='lat' dir='ltr'><strong>inplicuit</strong></span> <span class='ocrx_word' id='word_1_217' title='bbox 341 2306 605 2361; x_wconf 89' lang='lat' dir='ltr'><strong>sequiturque</strong></span> <span class='ocrx_word' id='word_1_218' title='bbox 628 2314 789 2363; x_wconf 85' lang='lat' dir='ltr'><strong>patrem</strong></span> <span class='ocrx_word' id='word_1_219' title='bbox 811 2324 895 2351; x_wconf 91' lang='lat' dir='ltr'><strong>non</strong></span> <span class='ocrx_word' id='word_1_220' title='bbox 917 2310 1112 2365; x_wconf 87' lang='lat' dir='ltr'><strong>passibus</strong></span> <span class='ocrx_word' id='word_1_221' title='bbox 1137 2311 1301 2365; x_wconf 83' lang='lat' dir='ltr'><strong>aequis3</strong></span> 
     </span>
     <span class='ocr_line' id='line_1_36' title="bbox 131 2365 1256 2426; baseline 0.006 -19"><span class='ocrx_word' id='word_1_222' title='bbox 131 2380 239 2422; x_wconf 91' lang='lat' dir='ltr'><strong>pone</strong></span> <span class='ocrx_word' id='word_1_223' title='bbox 263 2365 374 2408; x_wconf 89' lang='lat' dir='ltr'><strong>subit</strong></span> <span class='ocrx_word' id='word_1_224' title='bbox 397 2367 589 2409; x_wconf 86' lang='lat' dir='ltr'><strong>coniunx.</strong></span> <span class='ocrx_word' id='word_1_225' title='bbox 613 2369 786 2410; x_wconf 83' lang='lat' dir='ltr'><strong>ferimur</strong></span> <span class='ocrx_word' id='word_1_226' title='bbox 806 2384 882 2425; x_wconf 88' lang='lat' dir='ltr'><strong>per</strong></span> <span class='ocrx_word' id='word_1_227' title='bbox 905 2385 1036 2426; x_wconf 86' lang='lat' dir='ltr'><strong>opaca</strong></span> <span class='ocrx_word' id='word_1_228' title='bbox 1057 2372 1256 2422; x_wconf 90' lang='lat' dir='ltr'><strong>locorum,</strong></span> 
     </span>
     <span class='ocr_line' id='line_1_37' title="bbox 133 2428 1253 2482; baseline 0.006 -14"><span class='ocrx_word' id='word_1_229' title='bbox 133 2433 174 2469; x_wconf 88' lang='lat' dir='ltr'><strong>et</strong></span> <span class='ocrx_word' id='word_1_230' title='bbox 196 2441 283 2478; x_wconf 92' lang='lat' dir='ltr'><strong>me,</strong></span> <span class='ocrx_word' id='word_1_231' title='bbox 307 2441 432 2482; x_wconf 92' lang='lat' dir='ltr'><strong>quem</strong></span> <span class='ocrx_word' id='word_1_232' title='bbox 455 2428 613 2470; x_wconf 90' lang='lat' dir='ltr'><strong>dudum</strong></span> <span class='ocrx_word' id='word_1_233' title='bbox 635 2444 721 2471; x_wconf 90' lang='lat' dir='ltr'><strong>non</strong></span> <span class='ocrx_word' id='word_1_234' title='bbox 742 2430 827 2472; x_wconf 81' lang='lat' dir='ltr'><strong>ulla</strong></span> <span class='ocrx_word' id='word_1_235' title='bbox 848 2431 1000 2473; x_wconf 82' lang='lat' dir='ltr'><strong>iniecta</strong></span> <span class='ocrx_word' id='word_1_236' title='bbox 1028 2433 1253 2474; x_wconf 85' lang='lat' dir='ltr'><strong>movebant</strong></span> 
     </span>
     <span class='ocr_line' id='line_1_38' title="bbox 135 2488 1222 2548; baseline 0.003 -17"><span class='ocrx_word' id='word_1_237' title='bbox 135 2488 216 2531; x_wconf 86' lang='lat' dir='ltr'><strong>tela</strong></span> <span class='ocrx_word' id='word_1_238' title='bbox 238 2503 373 2544; x_wconf 90' lang='lat' dir='ltr'><strong>neque</strong></span> <span class='ocrx_word' id='word_1_239' title='bbox 397 2490 573 2532; x_wconf 84' lang='lat' dir='ltr'><strong>adverso</strong></span> <span class='ocrx_word' id='word_1_240' title='bbox 596 2490 815 2547; x_wconf 84' lang='lat' dir='ltr'><strong>glomerati</strong></span> <span class='ocrx_word' id='word_1_241' title='bbox 838 2506 892 2533; x_wconf 85' lang='lat' dir='ltr'><strong>ex</strong></span> <span class='ocrx_word' id='word_1_242' title='bbox 914 2493 1080 2548; x_wconf 86' lang='lat' dir='ltr'><strong>agmine</strong></span> <span class='ocrx_word' id='word_1_243' title='bbox 1107 2492 1222 2543; x_wconf 87' lang='lat' dir='ltr'><strong>Grai,</strong></span> 
     </span>
     <span class='ocr_line' id='line_1_39' title="bbox 132 2553 1240 2602; baseline 0.004 -10"><span class='ocrx_word' id='word_1_244' title='bbox 132 2564 243 2592; x_wconf 89' lang='lat' dir='ltr'><strong>nunc</strong></span> <span class='ocrx_word' id='word_1_245' title='bbox 266 2565 409 2594; x_wconf 89' lang='lat' dir='ltr'><strong>omnes</strong></span> <span class='ocrx_word' id='word_1_246' title='bbox 433 2557 585 2594; x_wconf 89' lang='lat' dir='ltr'><strong>terrent</strong></span> <span class='ocrx_word' id='word_1_247' title='bbox 609 2567 752 2602; x_wconf 84' lang='lat' dir='ltr'><strong>aurae,</strong></span> <span class='ocrx_word' id='word_1_248' title='bbox 779 2567 905 2595; x_wconf 87' lang='lat' dir='ltr'><strong>sonus</strong></span> <span class='ocrx_word' id='word_1_249' title='bbox 930 2553 1082 2595; x_wconf 83' lang='lat' dir='ltr'><strong>excitat</strong></span> <span class='ocrx_word' id='word_1_250' title='bbox 1106 2555 1240 2596; x_wconf 88' lang='lat' dir='ltr'><strong>omnis</strong></span> 
     </span>
    </p>
   </div>
   <div class='ocr_carea' id='block_1_11' title="bbox 134 2613 1334 2670">
    <p class='ocr_par' dir='ltr' id='par_1_18' title="bbox 134 2613 1334 2670">
     <span class='ocr_line' id='line_1_40' title="bbox 134 2613 1334 2670; baseline 0.004 -16"><span class='ocrx_word' id='word_1_251' title='bbox 134 2626 383 2668; x_wconf 82' lang='lat' dir='ltr'><strong>suspensum</strong></span> <span class='ocrx_word' id='word_1_252' title='bbox 406 2619 448 2655; x_wconf 92' lang='lat' dir='ltr'><strong>et</strong></span> <span class='ocrx_word' id='word_1_253' title='bbox 470 2614 623 2669; x_wconf 83' lang='lat' dir='ltr'><strong>pariter</strong></span> <span class='ocrx_word' id='word_1_254' title='bbox 645 2613 866 2668; x_wconf 87' lang='lat' dir='ltr'><strong>comitique</strong></span> <span class='ocrx_word' id='word_1_255' title='bbox 890 2615 1087 2670; x_wconf 89' lang='lat' dir='ltr'><strong>onerique</strong></span> <span class='ocrx_word' id='word_1_256' title='bbox 1110 2616 1334 2659; x_wconf 85' lang='lat' dir='ltr'><strong>timentem.</strong></span> 
     </span>
    </p>
   </div>
   <div class='ocr_carea' id='block_1_12' title="bbox 133 2672 1268 2787">
    <p class='ocr_par' dir='ltr' id='par_1_19' title="bbox 133 2672 1268 2787">
     <span class='ocr_line' id='line_1_41' title="bbox 133 2672 1268 2732; baseline 0.005 -18"><span class='ocrx_word' id='word_1_257' title='bbox 133 2672 297 2728; x_wconf 89' lang='lat' dir='ltr'><strong>iamque</strong></span> <span class='ocrx_word' id='word_1_258' title='bbox 320 2675 648 2730; x_wconf 81' lang='lat' dir='ltr'><strong>propinquabam</strong></span> <span class='ocrx_word' id='word_1_259' title='bbox 670 2676 800 2732; x_wconf 72' lang='lat' dir='ltr'><strong>portis</strong></span> <span class='ocrx_word' id='word_1_260' title='bbox 825 2691 1072 2732; x_wconf 88' lang='lat' dir='ltr'><strong>omnemque</strong></span> <span class='ocrx_word' id='word_1_261' title='bbox 1095 2677 1268 2721; x_wconf 84' lang='lat' dir='ltr'><strong>videbar</strong></span> 
     </span>
     <span class='ocr_line' id='line_1_42' title="bbox 136 2736 1137 2787; baseline 0.005 -11"><span class='ocrx_word' id='word_1_262' title='bbox 136 2736 316 2778; x_wconf 84' lang='lat' dir='ltr'><strong>evasisse</strong></span> <span class='ocrx_word' id='word_1_263' title='bbox 342 2737 468 2787; x_wconf 84' lang='lat' dir='ltr'><strong>viam,</strong></span> <span class='ocrx_word' id='word_1_264' title='bbox 494 2736 632 2780; x_wconf 90' lang='lat' dir='ltr'><strong>subito</strong></span> <span class='ocrx_word' id='word_1_265' title='bbox 656 2752 750 2780; x_wconf 89' lang='lat' dir='ltr'><strong>cum</strong></span> <span class='ocrx_word' id='word_1_266' title='bbox 775 2737 918 2781; x_wconf 90' lang='lat' dir='ltr'><strong>creber</strong></span> <span class='ocrx_word' id='word_1_267' title='bbox 941 2738 995 2780; x_wconf 81' lang='lat' dir='ltr'><strong>ad</strong></span> <span class='ocrx_word' id='word_1_268' title='bbox 1017 2754 1137 2782; x_wconf 85' lang='lat' dir='ltr'><strong>aures</strong></span> 
     </span>
    </p>
   </div>
   <div class='ocr_carea' id='block_1_13' title="bbox 1512 1210 1574 1239">
    <p class='ocr_par' dir='ltr' id='par_1_20' title="bbox 1512 1210 1574 1239">
     <span class='ocr_line' id='line_1_43' title="bbox 1512 1210 1574 1239; baseline -0.016 0"><span class='ocrx_word' id='word_1_269' title='bbox 1512 1210 1574 1239; x_wconf 79' lang='lat'><strong>705</strong></span> 
     </span>
    </p>
   </div>
   <div class='ocr_carea' id='block_1_14' title="bbox 1514 1522 1578 1551">
    <p class='ocr_par' dir='ltr' id='par_1_21' title="bbox 1514 1522 1578 1551">
     <span class='ocr_line' id='line_1_44' title="bbox 1514 1522 1578 1551; baseline 0 0"><span class='ocrx_word' id='word_1_270' title='bbox 1514 1522 1578 1551; x_wconf 77' lang='lat'><strong>710</strong></span> 
     </span>
    </p>
   </div>
   <div class='ocr_carea' id='block_1_15' title="bbox 1517 1830 1581 1860">
    <p class='ocr_par' dir='ltr' id='par_1_22' title="bbox 1517 1830 1581 1860">
     <span class='ocr_line' id='line_1_45' title="bbox 1517 1830 1581 1860; baseline 0.016 -1"><span class='ocrx_word' id='word_1_271' title='bbox 1517 1830 1581 1860; x_wconf 87' lang='lat'><strong>715</strong></span> 
     </span>
    </p>
   </div>
   <div class='ocr_carea' id='block_1_16' title="bbox 1444 2139 1578 2169">
    <p class='ocr_par' dir='ltr' id='par_1_23' title="bbox 1444 2139 1578 2169">
     <span class='ocr_line' id='line_1_46' title="bbox 1444 2139 1578 2169; baseline 0 0"><span class='ocrx_word' id='word_1_272' title='bbox 1444 2151 1481 2161; x_wconf 80' lang='lat'><em>-</em></span> <span class='ocrx_word' id='word_1_273' title='bbox 1515 2139 1578 2169; x_wconf 72' lang='lat'><strong>720</strong></span> 
     </span>
    </p>
   </div>
   <div class='ocr_carea' id='block_1_17' title="bbox 1514 2754 1578 2786">
    <p class='ocr_par' dir='ltr' id='par_1_24' title="bbox 1514 2754 1578 2786">
     <span class='ocr_line' id='line_1_47' title="bbox 1514 2754 1578 2786; baseline -0.031 0"><span class='ocrx_word' id='word_1_274' title='bbox 1514 2754 1578 2786; x_wconf 81' lang='lat'><strong>730</strong></span> 
     </span>
    </p>
   </div>
  </div>
 </body>
</html>
