1780 3074
537 295 796 333 AENEmos
821 295 920 332 Lm.
933 297 1020 335 v11.
1374 279 1458 329 213

99 418 206 459 quae
230 373 452 459 postquam
477 400 687 443 Anchises
711 408 854 443 natum
877 413 953 457 per
976 399 1141 456 singula
1163 399 1294 451 duxit,

99 465 361 519 incenditque
385 464 570 506 animum
592 463 730 505 famae
752 463 956 505 venientis
980 476 1132 514 amore,

100 528 210 570 exim
232 526 343 570 bella
364 527 454 568 viro
478 531 678 568 memorat
701 539 808 579 quae
832 525 982 567 deinde
1005 524 1200 582 gerenda,
1487 537 1553 568 890

100 589 404 644 Laurentisque
429 589 550 631 docet
571 587 749 643 populos
772 587 1000 642 urbemque
1022 587 1179 637 Latini,

100 659 141 695 et
163 666 247 706 quo
271 666 476 706 quemque
500 651 624 692 modo
647 649 864 706 fugiatque
886 649 1075 704 feratque
1099 649 1297 692 laborem.

159 712 267 757 Sunt
289 714 480 770 geminae
506 711 652 755 Somni
675 718 837 768 portae,
863 727 1039 767 quarum
1063 712 1192 754 altera
1214 712 1346 754 fertur

101 790 269 827 cornea,
294 791 377 831 qua
399 776 508 818 veris
532 775 666 817 facilis
691 775 813 817 datur
835 775 971 817 exitus
995 774 1167 826 umbris,

101 840 230 882 altera
258 839 448 881 candenti
470 838 656 894 perfecta
676 838 813 880 nitens
838 838 1070 894 elephanto,
1490 850 1555 882 895

102 902 177 944 sed
200 901 306 945 falsa
329 901 383 943 ad
405 901 566 943 caelum
589 901 756 942 mittunt
778 900 985 943 insomnia
1008 915 1166 943 manes.

99 963 166 1006 his
189 963 262 1006 ubi
285 969 373 1005 tum
396 968 540 1004 natum
563 961 774 1004 Anchises
799 977 964 1017 unaque
991 961 1197 1018 Sibyllam

99 1025 362 1082 prosequitur
385 1025 523 1075 dictis,
547 1031 748 1081 portaque
773 1025 922 1066 emittit
945 1024 1114 1075 eburna,

88 1088 169 1130 'ille
192 1087 302 1130 viam
327 1092 440 1129 secat
462 1087 516 1128 ad
538 1087 658 1130 navis
682 1087 902 1142 sociosque
924 1087 1080 1137 revisit,

101 1159 190 1193 tum
213 1165 259 1193 se
282 1150 335 1193 ad
360 1149 530 1192 Caietae
553 1156 666 1192 recto
689 1149 770 1192 fert
792 1150 910 1193 litore
933 1156 1113 1206 portum.
1490 1163 1556 1194 900

102 1227 252 1255 ancora
273 1213 325 1254 de
347 1227 470 1268 prora
492 1212 656 1263 iacitur,
683 1217 793 1254 stant
814 1212 932 1255 litore
955 1226 1132 1269 puppes.

522 1499 1057 1553 AENEIDOS

602 1654 839 1694 LIBER
879 1655 975 1694 VII.

164 1770 231 1812 Tu
255 1784 420 1825 quoque
443 1769 631 1812 litoribus
654 1770 825 1820 nostris,
850 1769 1014 1812 Aeneia
1037 1771 1186 1821 nutrix,

107 1838 315 1874 aeternam
339 1831 517 1874 moriens
541 1831 715 1881 famam,
743 1831 907 1883 Caieta,
933 1832 1102 1882 dedisti3

107 1900 150 1935 et
170 1908 280 1935 nunc
305 1899 441 1935 servat
463 1894 595 1936 honos
620 1894 761 1935 sedem
785 1899 900 1945 tuus,
926 1909 1104 1948 ossaque
1127 1909 1277 1936 nomen

106 1955 314 2011 Hesperia
336 1955 380 1996 in
402 1970 572 2011 magna,
599 1955 635 1998 si
657 1970 740 2009 qua
764 1962 828 1998 est
851 1970 901 1998 ea
923 1955 1073 2012 gloria,
1100 1956 1277 2013 signant.

107 2023 149 2059 at
170 2017 264 2072 pius
289 2018 496 2071 exsequiis
519 2016 689 2060 Aeneas
713 2018 789 2060 rite
814 2018 973 2068 solutis,
1492 2034 1512 2064 5

106 2093 258 2135 aggere
282 2079 494 2134 conposito
518 2080 684 2131 tumuli,
707 2086 930 2136 postquam
954 2081 1037 2123 alta
1060 2081 1252 2135 quierunt

106 2155 304 2195 aequora,
330 2142 460 2183 tendit
482 2142 560 2183 iter
582 2143 685 2184 velis
709 2149 956 2198 portumque
980 2143 1185 2198 relinquit.

106 2203 318 2258 adspirant
340 2218 464 2244 aurae
487 2204 531 2244 in
553 2210 735 2254 noctem,
760 2219 838 2246 nec
862 2206 1038 2247 candida
1062 2220 1208 2246 cursus

105 2263 205 2304 luna
227 2269 370 2319 negat,
395 2264 583 2319 splendet
606 2265 780 2307 tremulo
805 2266 883 2308 sub
906 2266 1061 2308 lumine
1083 2272 1248 2322 pontus.

106 2324 296 2380 proxima
320 2323 517 2366 Circaeae
539 2326 739 2368 raduntur
760 2327 880 2368 litora
903 2333 1046 2378 terrae,
1494 2343 1534 2372 10

108 2385 224 2427 (lives
249 2385 483 2428 inaccessos
507 2386 579 2428 ubi
605 2385 716 2428 Solis
739 2387 824 2429 filia
846 2388 962 2430 lucos

109 2447 282 2488 adsiduo
305 2453 472 2489 resonat
495 2454 636 2498 cantu,
661 2448 862 2503 tectisque
886 2449 1074 2504 superbis

108 2508 189 2550 urit
212 2509 423 2551 odoratam
448 2516 648 2552 nocturna
670 2510 714 2551 in
735 2510 892 2552 lumina
916 2512 1097 2561 cedrum,

109 2576 255 2627 arguto
280 2572 414 2613 tenuis
438 2586 681 2627 percurrens
705 2572 867 2627 pectine
890 2572 1006 2614 telas.

108 2632 205 2674 hinc
229 2633 413 2675 exaudiri
436 2634 616 2691 gemitus
640 2634 808 2688 iraeque
831 2634 1012 2684 leonum,
1492 2651 1533 2682 15

109 2694 245 2736 vincla
266 2702 530 2737 recusantum
555 2701 596 2738 et
620 2710 712 2738 sera
735 2695 813 2738 sub
837 2703 957 2738 nocte
981 2697 1212 2748 rudentum,

111 2755 383 2811 saetigerique
409 2773 504 2800 sues
529 2764 651 2812 atque
675 2758 717 2799 in
741 2758 1010 2814 praesepibus
1034 2760 1118 2801 ursi
