1728 3068
634 290 848 319 PRAEFA'no
1295 284 1382 314 XXI
1390 285 1429 314 11

64 391 230 441 Vergilio
243 390 408 427 adscribi
423 389 559 425 solent.
610 387 776 431 Quorum
792 398 888 435 quae
901 385 1022 434 primo
1037 386 1123 421 loco
1137 388 1341 431 ponuntur,
1356 383 1432 419 Cu-

64 445 135 482 lex
158 446 198 480 et
216 441 354 488 Ciris,
380 440 452 478 etsi
475 452 553 477 uon
577 440 627 476 ab
640 439 811 486 Vergilio
831 450 902 475 nec
920 438 970 474 ab
990 447 1065 473 uno
1084 440 1239 473 auctore
1257 435 1434 482 profecta

63 499 166 540 sunt,
179 494 289 541 plura
301 497 427 529 tamen
441 491 651 528 communia
663 491 825 537 habent,
846 501 942 538 quae
955 488 1127 535 tetigisse
1141 491 1242 523 certe
1255 498 1332 522 non
1346 498 1433 532 pae—

62 545 208 583 nitebit.
244 544 357 587 Quod
368 543 588 590 priusquam
601 542 797 587 faciamus,
811 553 936 588 pauca
949 541 995 576 de
1008 544 1187 585 tempore,
1203 550 1278 586 quo
1293 538 1434 584 scripta

63 608 146 634 esse
158 596 369 641 videantur,
383 595 594 641 praefanda
608 598 704 629 sunt.
728 594 870 629 Poema
883 592 1074 639 quoddam
1088 590 1263 626 Culicis
1283 590 1434 625 nomine

62 647 281 694 inscriptum
294 645 506 692 aVergilio,
522 657 634 693 quum
642 648 744 680 esset
751 655 935 679 annorum
944 642 1169 690 quindecim,
1185 641 1434 687 compositum

63 710 147 736 esse
160 701 294 734 auctor
306 701 365 733 est
377 697 552 732 Donatus
566 698 597 741 §.
610 696 667 741 28,
682 695 747 742 qui
761 695 815 730 sic
826 695 970 741 pergit:
994 695 1090 729 cuius
1103 694 1260 728 materies
1274 693 1355 727 talis
1367 699 1435 727 est:

59 756 182 797 pastor
197 748 367 795 fatiyatus
384 754 480 783 aestu
500 759 577 782 cum
594 747 658 782 sub
681 747 806 781 arbore
823 746 1046 780 obdormisset
1063 751 1094 780 el
1112 756 1253 790 serpens
1271 745 1318 778 ad
1334 744 1436 778 illum

59 806 276 848 proreperet,
300 811 319 834 e
328 799 462 845 palude
474 799 575 832 culex
579 797 784 843 provolavit
801 803 904 843 atque
919 797 1008 831 inter
1020 797 1088 830 duo
1109 801 1264 841 tempora
1276 796 1436 829 aculeum

63 852 140 899 fixit
145 851 286 898 pastori
288 862 303 893 ;
323 850 431 884 atille
443 849 604 892 continuo
617 849 760 883 culicem
773 848 931 882 eonem-it
943 853 975 882 et
987 847 1097 881 visum
1109 851 1298 892 serpentem
1311 846 1435 880 intere-

66 903 124 937 mit
136 913 180 937 ac
190 901 407 948 sepulchrum
420 900 525 935 culici
533 899 651 934 statuit
663 905 694 934 et
707 899 871 933 daletichon
882 898 982 943 feeit.-

286 963 400 998 parve
413 952 529 993 culex,
536 951 709 997 pecudum
722 956 836 985 custos
848 950 908 984 tibi
917 950 987 989 tale
998 949 1142 983 merenti

291 1003 425 1048 funeris
437 1001 593 1049 officium
605 1002 694 1036 vitae
699 1013 770 1047 pro
783 1013 923 1036 munere
935 1001 1056 1035 reddit.

69 1054 179 1098 Quod
192 1053 381 1089 distichon
395 1064 621 1100 quamquam
635 1056 800 1088 extremo
816 1051 996 1096 carmine,
1013 1051 1116 1098 quod
1130 1049 1270 1085 Culicis
1283 1049 1434 1085 nomine

68 1105 286 1151 inscriptum
294 1104 490 1150 habemus,
503 1103 654 1150 legitur,
669 1102 948 1149 carmenipsum
961 1107 1087 1138 tamen
1095 1100 1254 1148 Vergilii
1266 1112 1342 1135 non
1352 1111 1435 1136 csse

69 1159 228 1193 constat.
275 1155 372 1192 Nam
384 1166 456 1191 nec
466 1166 563 1201 puer
574 1154 766 1201 Vergilius
778 1158 855 1189 tam
869 1153 1088 1189 reconditae
1102 1153 1298 1188 doctrinae
1313 1151 1436 1197 copia,

70 1210 209 1254 quanta
221 1206 261 1242 in
275 1217 320 1242 eo
335 1210 563 1252 ostentatur,
577 1205 783 1241 instructus
797 1216 880 1241 esse
893 1204 1035 1251 potuit,
1049 1215 1120 1240 nec
1129 1232 1138 1250 ,
1154 1204 1185 1239 si
1197 1203 1296 1239 forte
1309 1213 1437 1238 nume—

26 1278 29 1282 ‚
68 1269 148 1294 rum
161 1268 344 1293 annorum
357 1257 458 1303 apud
470 1256 662 1292 Donatum
677 1260 891 1302 corruptum
905 1267 988 1292 esse
1002 1254 1179 1301 opineris,
1192 1254 1250 1290 vir
1261 1254 1386 1290 factus
1398 1253 1438 1287 in

69 1313 144 1345 tam
154 1308 296 1355 putidis
314 1308 604 1354 repetitionibus
624 1308 696 1343 sibi
714 1308 867 1354 placere
886 1312 953 1343 aut
964 1307 1046 1354 ipse
1067 1318 1136 1343 sua
1155 1310 1360 1353 operatam
1373 1306 1437 1340 im-

69 1360 254 1407 pudenter
266 1359 430 1406 expilare
444 1363 510 1396 aut
520 1371 635 1406 prave
649 1359 785 1394 imitari
798 1359 985 1395 sustinuit.
1022 1358 1163 1397 Culicis
1176 1362 1302 1394 autem
1316 1357 1438 1393 nostri

69 1415 201 1447 auctor
223 1410 263 1446 id
288 1415 482 1457 spectasse
507 1411 672 1456 videtur,
697 1414 740 1446 ut
762 1415 982 1457 argumento
1006 1410 1073 1446 illo
1098 1409 1322 1456 Vergiliano
1346 1420 1438 1444 usus

72 1466 249 1509 quattuor
260 1473 321 1497 res
335 1462 489 1497 uberius
503 1462 733 1498 enarrandas
753 1466 791 1498 et
803 1462 1073 1498 describendas
1093 1461 1165 1496 sibi
1180 1464 1361 1496 sumeret:
1386 1460 1438 1495 vi-

70 1512 334 1549 tamrustieam
351 1517 390 1548 et
405 1513 647 1559 pastoriciam
659 1525 693 1548 v,
707 1513 751 1548 57
764 1525 820 1561 sq.
830 1541 839 1559 ,
865 1517 1077 1559 serpentem
1097 1513 1162 1548 161
1177 1524 1234 1560 sq.
1244 1539 1254 1558 ,
1279 1512 1440 1548 Tartara

70 1563 138 1599 212
150 1575 224 1610 sq„
250 1564 488 1610 sepulchrum
501 1565 568 1600 383
582 1576 656 1612 sq.3
677 1576 752 1611 qua
775 1564 815 1600 in
833 1576 873 1600 re
897 1564 952 1600 ita
969 1567 1141 1600 versatus
1160 1567 1236 1609 est,
1262 1567 1304 1598 ut
1323 1563 1361 1598 in
1379 1563 1438 1597 his

72 1615 242 1650 omnibus
253 1614 465 1662 Vergilium
488 1627 566 1651 non
585 1616 704 1651 solum
722 1626 851 1661 presse
873 1619 1110 1663 sequeretur,
1137 1615 1206 1650 sed
1226 1614 1338 1650 etiam
1356 1617 1440 1648 tota

73 1665 239 1702 eiusdem
253 1667 338 1702 cola
350 1670 389 1702 et
406 1666 646 1702 hemistichia
665 1667 704 1701 in
724 1678 831 1701 suum
851 1677 946 1712 opus
958 1666 1193 1702 transferret.
1241 1665 1277 1700 A
1291 1664 1438 1710 Silligio

71 1720 213 1761 autem,
238 1717 303 1763 qui
316 1727 466 1752 carmen
478 1717 552 1756 hoc
567 1717 719 1752 saeculo
737 1717 858 1763 primo
879 1720 1040 1752 exeunte
1060 1716 1241 1763 scriptum
1259 1727 1343 1752 esse
1362 1716 1438 1750 vol.

70 1766 136 1803 IV.
147 1778 184 1813 p.
197 1767 241 1801 21
256 1767 316 1802 ed.
329 1767 468 1814 Wagn.
483 1767 694 1812 contendit,
715 1771 860 1802 tantum
875 1767 984 1803 abest
995 1772 1039 1803 ut
1058 1767 1295 1812 dissentiam,
1313 1770 1357 1801 ut
1369 1765 1439 1801 Cu-

16 1820 18 1824 ’
71 1817 181 1852 licem
193 1817 297 1852 illum
306 1845 315 1862 ,
341 1818 446 1853 euius
459 1818 684 1854 mentionem
702 1818 848 1854 faciunt
859 1819 1044 1854 Martialis
1057 1819 1126 1865 Ep.
1140 1818 1247 1864 VIH,
1262 1818 1318 1853 56.
1332 1817 1438 1862 XIV,

0 1907 2 1910 ,
19 1876 26 1899 Γ
73 1868 150 1913 185,
166 1867 307 1903 Statius
321 1868 504 1904 Silvarum
517 1870 582 1905 lib.
595 1869 615 1904 1
626 1869 861 1915 praefatione
876 1874 914 1905 et
925 1870 976 1915 II,
990 1870 1023 1915 7,
1038 1870 1082 1905 73
1096 1881 1150 1917 sq.
1162 1898 1170 1914 ,
1185 1869 1387 1905 Suetonius
1400 1868 1440 1903 in

19 1922 22 1927 '
72 1919 161 1956 vita
172 1919 335 1965 Lucani,
359 1925 528 1956 nostrum
546 1921 664 1956 fuisse
682 1933 903 1967 persuasum
922 1922 1094 1958 habeam.
1142 1922 1239 1958 Nam
1257 1932 1344 1957 acre
1364 1925 1438 1956 stu—

75 1970 174 2006 dium
186 1970 280 2005 illud
292 1970 630 2008 Alexandrinorum
642 1977 838 2018 poetarum
848 2001 857 2019 ,
872 1974 975 2021 quod
987 1973 1026 2009 in
1040 1973 1202 2009 carmine
1216 1976 1347 2008 nostro
1362 1983 1439 2008 cer-

74 2023 183 2067 nitur,
196 2034 272 2058 non
284 2024 439 2058 multum
452 2025 550 2059 ultra
564 2025 755 2060 saeculum
766 2025 925 2071 primum
937 2038 974 2072 p.
984 2024 1049 2062 Oh.
1059 2037 1095 2061 n.
1109 2024 1282 2061 floruisse
1298 2029 1440 2061 eertum

77 2077 150 2119 est,
175 2077 214 2110 et
231 2074 263 2109 si
283 2086 395 2110 verus
412 2075 572 2123 Vergilii
593 2074 710 2112 Culex
732 2076 772 2111 in
789 2077 962 2112 manibus
986 2077 1178 2112 hominum
1196 2076 1349 2121 fuisset,
1375 2076 1440 2111 ab·

78 2125 227 2161 surdum
240 2130 320 2161 erat
331 2126 491 2162 alterum
505 2126 671 2163 eiusdem
682 2131 819 2174 poetae
831 2127 988 2175 fingere.
1012 2128 1102 2175 Ipse
1115 2126 1441 2173 autemVergilius

79 2186 189 2222 quum
199 2176 272 2212 tria
278 2180 434 2222 tantum,
449 2189 546 2224 quae
558 2190 659 2214 nunc
666 2182 826 2225 exstant,
842 2190 957 2225 opera
966 2191 1033 2215 suo
1041 2179 1192 2215 nomine
1206 2178 1297 2215 ferri
1303 2177 1441 2213 voluis-

80 2229 152 2272 set,
176 2228 279 2274 quod
297 2239 342 2263 ex
360 2228 629 2275 antiquissimis
648 2230 820 2266 versibus
831 2229 995 2266 Aeneidi
1011 2230 1230 2277 praemissis
1244 2228 1439 2273 evincitur,

79 2286 203 2312 verum
216 2276 382 2314 Culicem
394 2283 518 2315 autem
527 2307 536 2325 ‚
562 2283 605 2315 ut
615 2280 787 2327 Heynius
801 2286 911 2317 acute
924 2282 1135 2328 perspexit,
1161 2281 1278 2317 multo
1292 2279 1439 2316 brevio-

79 2338 155 2386 rem
166 2339 277 2376 quam
290 2333 459 2365 nostrum
471 2330 588 2367 fuisse
601 2343 758 2368 necesse
772 2336 890 2379 esset,
910 2333 1023 2369 facile
1036 2333 1118 2369 fieri
1130 2333 1273 2379 potuit,
1292 2335 1336 2366 ut
1347 2332 1440 2367 Ver-

80 2378 207 2424 gihani
220 2380 395 2415 'carminis
412 2382 591 2418 memoria
609 2387 863 2420 evanesceret.
912 2384 995 2427 Quo
1008 2385 1165 2431 propius
1179 2388 1304 2420 autem
1322 2381 1442 2418 nostri

81 2433 209 2466 auctor
231 2443 255 2467 a
271 2431 432 2478 Vergilii
455 2436 624 2479 tempore
643 2435 795 2481 aberat,
821 2446 867 2472 eo
885 2436 964 2471 veri
983 2436 1140 2471 similius
1159 2434 1280 2470 videri
1300 2437 1440 2479 potest,

83 2490 165 2516 eum
182 2482 353 2540 notitiam
377 2483 541 2530 aliquam
560 2485 771 2532 Vergiliani
790 2487 963 2522 carminis
982 2487 1181 2532 habuisse,
1206 2497 1252 2522 ex
1271 2496 1347 2532 quo
1369 2484 1441 2520 sin-

83 2531 170 2576 gula
180 2544 219 2567 m
231 2545 338 2569 suum
350 2535 552 2570 transtulit.
599 2535 734 2583 Itaque
751 2548 823 2572 nec
835 2537 948 2573 Nonii
961 2538 1167 2573 auctoritas
1181 2549 1215 2573 v.
1226 2536 1282 2571 52.
1303 2535 1442 2571 Culicis

83 2582 200 2618 nostri
217 2584 385 2631 Vergilio
411 2586 681 2632 adscribentis,
706 2599 778 2623 nec
797 2586 998 2624 Schraderi
1023 2599 1140 2635 opera
1159 2591 1197 2624 et
1216 2586 1382 2623 studium
1403 2587 1443 2622 in

22 2660 29 2666 .
84 2629 391 2671 Emendationum
405 2648 554 2672 suarum
575 2648 605 2672 c.
619 2637 649 2672 Ι.
664 2642 703 2673 et
715 2637 763 2672 11.
776 2649 925 2674 movere
938 2650 1008 2674 nos
1026 2642 1205 2685 possunt,
1229 2642 1273 2673 ut
1282 2637 1443 2684 Vergilii

19 2690 22 2691 ⁷
86 2691 166 2718 esse
180 2683 344 2721 Culicem
355 2691 524 2723 nostrum
538 2689 800 2724 existimemus.

153 2733 353 2773 Commune
380 2750 462 2773 cum
482 2738 558 2774 Ciri
582 2739 698 2775 habet
720 2739 860 2776 Culex
880 2739 1220 2777 Alexandrinorum
1244 2744 1442 2787 poetarum

88 2785 262 2826 studium,
287 2787 392 2824 initia
406 2791 605 2825 admodum
623 2791 820 2836 perplexa,
847 2792 940 2828 dura
952 2796 1066 2839 atq‘ue
1084 2792 1254 2838 horrida,
1280 2791 1442 2828 ieiunam
