1794 3048
419 260 498 302 102
815 266 857 299 P.
879 262 1106 300 VERGILH
1123 261 1346 298 MARONIS

470 368 588 410 Haec
611 366 709 408 dum
731 363 943 405 Dardanio
967 362 1133 404 Aeneae
1157 362 1341 403 miranda
1363 363 1561 413 videntur,

327 443 391 474 495
416 430 514 470 dum
538 432 691 481 stupet,
717 424 942 477 obtutuque
965 423 1105 464 haeret
1128 423 1287 464 defixus
1310 423 1354 463 in
1375 438 1469 473 uno,

414 489 556 544 regina
578 487 631 528 ad
654 485 868 539 templum,
893 483 1026 526 forma
1047 483 1319 538 pulcherrima
1341 483 1470 534 Dido,

414 548 598 596 incessit,
623 560 774 601 magna
795 545 990 586 iuvenum
1015 545 1189 599 stipante
1213 550 1387 586 caterva.

415 608 545 662 qualis
569 607 620 663 in.
635 607 815 647 Eurotae
837 605 936 660 ripis
961 611 1031 647 aut
1052 619 1126 659 per
1147 605 1246 660 iuga
1270 604 1424 659 Cynthi

416 674 576 710 exercet
599 667 737 708 Diana
760 667 924 716 choros,
949 680 1072 720 quam
1095 666 1204 707 mille
1229 671 1391 707 secutae

328 742 392 773 500
415 729 510 770 hinc
533 734 654 782 atque
676 727 772 769 hinc
794 727 1071 783 glomerantur
1096 725 1300 776 Oreades3
1324 726 1394 767 illa
1415 726 1644 781 pharetram

416 789 494 830 fert
516 789 704 838 humero,
730 788 1003 843 gradiensque
1026 787 1123 829 deas
1149 787 1421 841 supereminet
1444 787 1595 836 omnis3

415 850 601 892 Latonae
630 848 797 890 tacitum
819 853 1091 903 pertemptant
1113 848 1264 903 gaudia
1285 853 1446 902 pectus:

417 910 507 952 talis
533 915 618 951 erat
639 909 772 958 Dido,
797 909 921 950 talem
944 923 988 950 se
1011 909 1119 950 laeta
1140 908 1298 950 ferebat

415 985 489 1026 per
511 970 686 1020 medios,
710 970 867 1011 instans
892 970 1005 1025 operi
1026 970 1246 1025 regnisque
1270 969 1431 1010 futuris.

331 1044 394 1076 505
418 1038 505 1072 tum
528 1031 685 1072 foribus
709 1031 846 1080 divae,
871 1031 1008 1072 media
1031 1030 1233 1072 testudine
1257 1030 1409 1083 templi,

420 1097 560 1146 saepta
586 1091 708 1132 armis
734 1091 915 1144 solioque
939 1090 1019 1132 alte
1044 1090 1219 1132 subnixa
1240 1090 1403 1131 resedit.

417 1153 507 1193 iura
530 1151 654 1193 dabat
676 1151 870 1206 legesque
893 1151 1009 1200 viris,
1035 1164 1284 1205 operumque
1306 1150 1489 1191 laborem

417 1211 600 1267 partibus
625 1211 826 1265 aequabat
847 1211 965 1253 iustis
989 1217 1060 1252 aut
1083 1217 1190 1252 sorte
1214 1210 1416 1252 trahebat:

419 1287 512 1314 cum
537 1272 670 1314 subito
694 1271 860 1314 Aeneas
884 1286 1083 1313 concursu
1108 1271 1300 1312 accedere
1323 1285 1473 1325 magno

332 1347 396 1378 510
416 1332 584 1374 Anthea
611 1331 931 1388 Sergestumque
954 1332 1065 1373 videt
1088 1331 1317 1384 fortemque
1342 1330 1590 1372 Cloanthum

420 1394 751 1446 Teucrorumque
776 1393 894 1442 alios,
920 1398 1006 1433 ater
1028 1406 1131 1445 quos
1156 1406 1332 1445 aequore
1355 1391 1473 1434 turbo

420 1453 641 1507 dispulerat
662 1453 907 1507 penitusque
931 1453 1031 1494 alias
1056 1458 1247 1494 avexerat
1270 1467 1373 1494 oras.

420 1513 630 1567 obstupuit
654 1513 776 1554 simul
797 1513 905 1568 ipse,
931 1513 1052 1555 simul
1074 1513 1286 1568 perculsus
1310 1512 1513 1563 Achates;

420 1573 652 1627 laetitiaque
675 1580 867 1627 metuque
891 1574 1000 1615 avidi
1030 1574 1275 1629 coniungere
1299 1574 1462 1616 dextras

334 1647 396 1677 515
421 1634 634 1684 ardebant3
660 1635 733 1676 sed
755 1649 820 1676 res
845 1635 1001 1677 animos
1025 1635 1232 1690 incognita
1256 1634 1402 1676 turbat.

421 1695 696 1745 dissimulant,
722 1701 762 1736 et
784 1695 893 1737 nube
917 1710 1019 1737 cava
1042 1695 1303 1750 speculantur
1325 1695 1475 1745 amicti,

421 1769 526 1809 quae
548 1755 713 1797 fortuna
735 1756 851 1806 viris,
876 1756 1051 1799 classem
1073 1770 1155 1809 quo
1178 1756 1294 1797 litore
1316 1755 1513 1809 linquant,

422 1815 521 1867 quid
544 1816 709 1857 veniant
732 1816 885 1858 cuncti:
909 1831 1006 1858 nam
1028 1816 1123 1858 lecti
1145 1815 1319 1858 navibus
1343 1815 1469 1864 ibant,

423 1881 583 1916 orantes
607 1876 769 1916 veniam
792 1882 833 1916 et
856 1877 1053 1930 templum
1077 1877 1252 1918 clamore
1275 1875 1480 1930 petebant.

334 1948 398 1978 520
476 1935 703 1988 Postquam
725 1936 962 1991 introgressi
987 1942 1028 1978 et
1051 1951 1188 1978 coram
1211 1937 1307 1978 data
1330 1936 1447 1990 copia
1469 1935 1595 1985 fandi,

422 1995 624 2037 maximus
647 1996 827 2038 Ilioneus
850 1997 1010 2051 placido
1035 1997 1093 2038 sic
1115 2002 1278 2051 pectore
1303 1997 1452 2051 coepit:

425 2070 474 2105 „0
497 2056 655 2110 regina,
680 2071 829 2098 novam
853 2057 919 2098 cui
943 2057 1117 2098 condere
1140 2057 1325 2111 Iuppiter
1346 2056 1490 2098 urbem

422 2116 656 2170 iustitiaque
680 2117 792 2158 dedit
813 2118 947 2173 gentis
971 2117 1131 2158 frenare
1157 2117 1366 2172 superbas,

423 2176 553 2218 Troes
577 2183 616 2218 te
639 2178 795 2228 miseri,
820 2178 951 2219 ventis
975 2179 1103 2219 maria
1126 2178 1262 2219 omnia
1284 2178 1402 2227 vecti,

335 2249 399 2280 525
423 2250 604 2279 oramus:
628 2238 798 2292 prohibe
821 2238 1011 2280 infandos
1036 2254 1060 2280 a
1082 2238 1255 2280 navibus
1278 2238 1408 2294 ignes,

421 2311 542 2351 parce
565 2298 633 2352 pio
655 2299 795 2354 generi
819 2305 859 2340 et
881 2299 1046 2353 propius
1069 2314 1134 2342 res
1159 2299 1296 2353 aspice
1319 2304 1490 2340 nostras,

422 2372 506 2399 non
527 2373 602 2400 nos
627 2366 698 2401 aut
719 2359 827 2402 ferro
850 2360 1034 2415 Libycos
1057 2360 1252 2414 populare
1275 2359 1453 2400 Penates

422 2418 628 2470 venimus,
654 2426 724 2461 aut
745 2426 883 2475 raptas
908 2421 961 2462 ad
983 2421 1101 2462 litora
1122 2426 1278 2462 vertere
1300 2420 1491 2474 praedas3

423 2492 505 2519 non
528 2494 577 2521 ea
601 2481 661 2522 vis
686 2481 840 2531 animo,
864 2495 941 2523 nec
964 2487 1077 2522 tanta
1100 2480 1291 2536 superbia
1313 2480 1444 2521 victis.

337 2550 400 2580 530
424 2545 485 2580 est
502 2540 634 2591 locus,
660 2541 907 2597 Hesperiam
931 2540 1032 2584 Grai
1055 2542 1295 2597 cognomine
1318 2541 1468 2589 dicunt,

425 2605 531 2641 terra
554 2602 736 2655 antiqua,
761 2608 905 2658 potens
929 2603 1052 2645 armis
1076 2609 1197 2656 atque
1221 2601 1344 2643 ubere
1367 2599 1536 2655 glaebae
1543 2616 1555 2650 3

427 2658 599 2703 Oenotri
623 2663 781 2704 coluere
804 2663 880 2707 viri
887 2679 898 2714 ;
922 2677 1030 2704 nunc
1053 2663 1181 2713 fama,
1206 2662 1379 2703 minores
