1820 3080
283 608 348 638 485

283 912 347 942 490

376 304 457 346 266
775 311 818 345 Ρ.
837 306 1067 346 VERGILH
1084 307 1309 345 MARONIS

373 413 503 455 adfari
527 418 753 454 extremum
777 410 950 451 miserae
973 409 1069 451 data
1092 409 1210 464 copia
1232 411 1375 452 matri?

372 475 471 523 heu,
497 479 603 514 terra
625 473 766 527 ignota
789 470 959 512 canibus
984 471 1080 511 data
1101 471 1254 525 praeda
1277 471 1439 514 Latinis

372 534 616 587 alitibusque
640 531 768 573 iacesl
794 546 870 573 nec
894 537 933 572 te
957 537 1029 573 tua
1051 531 1193 573 funere
1217 539 1348 574 mater

370 595 563 650 produxi,
587 593 772 649 pressive
796 592 935 634 oculos
959 599 1030 634 aut
1053 593 1220 635 volnera
1242 593 1337 643 lavi,

370 662 484 697 veste
508 661 669 711 tegens,
694 653 769 696 tibi
791 668 915 708 quam
938 660 1079 696 noctes
1103 654 1253 696 festina
1275 655 1445 710 diesque

371 715 598 772 urguebam
621 722 663 757 et
685 715 767 757 tela
789 730 908 757 curas
933 715 1096 758 solabar
1118 716 1249 758 anilis.

371 791 452 831 quo
476 776 650 831 sequar?
673 782 743 818 aut
765 790 871 830 quae
894 790 1003 818 nunc
1026 783 1138 818 artus
1163 777 1383 832 avolsaque
1408 780 1590 821 membra

371 845 411 879 et
433 838 558 879 funus
581 837 761 879 lacerum
783 837 903 879 tellus
928 837 1076 879 habet?
1098 838 1176 880 hoc
1199 838 1300 879 mihi
1323 840 1374 881 de
1397 846 1448 890 te,

370 905 482 949 nate,
506 898 659 940 refers?
681 898 759 939 hoc
783 913 875 940 sum
899 904 1086 952 terraque
1109 899 1292 953 marique
1317 901 1481 942 secuta?

371 960 484 1016 figite
508 974 593 1010 me,
619 960 653 1000 si
678 974 759 1013 qua
783 966 846 1001 est
867 960 1016 1015 pietas,
1041 960 1084 1000 in
1107 975 1172 1001 me
1197 961 1333 1002 omnia
1357 962 1437 1002 tela

372 1021 560 1071 conicite,
587 1035 611 1062 o
634 1020 796 1069 Rutuli,
821 1034 886 1061 me
910 1021 1082 1075 primam
1106 1021 1308 1062 absumite
1331 1022 1459 1071 feri-03

370 1087 441 1122 aut
463 1087 526 1132 tu,
550 1095 698 1136 magne
721 1087 838 1136 pater
860 1081 1016 1130 divom,
1041 1081 1251 1131 miserere,
1277 1087 1428 1136 tuoque

341 1174 343 1176 -
370 1144 549 1184 invisum
571 1142 650 1183 hoc
673 1142 843 1183 detrude
867 1148 990 1197 caput
1014 1142 1091 1184 sub
1116 1142 1288 1183 Tartara
1310 1143 1403 1193 telo,

284 1218 347 1248 495

283 1521 347 1551 500

283 1824 346 1854 505

280 2127 345 2157 510

279 2431 343 2461 515

279 2733 344 2763 520

371 1204 534 1258 quando
558 1203 674 1244 aliter
695 1217 855 1257 nequeo
878 1203 1083 1244 crudelem
1108 1203 1348 1259 abrumpere
1371 1204 1536 1245 vitam.“

370 1265 449 1306 hoc
471 1264 571 1306 fletu
595 1264 785 1305 concussi
807 1264 950 1313 animi,
975 1270 1238 1317 maestusque
1260 1279 1334 1319 per
1357 1265 1488 1306 omnis

370 1326 402 1367 it
424 1325 619 1382 gemitus3
644 1331 804 1380 torpent
825 1324 1022 1366 infractae
1045 1325 1099 1366 ad
1120 1325 1275 1379 proelia
1296 1326 1416 1366 vires.

370 1386 482 1427 illam
504 1386 786 1427 incendentem
809 1385 943 1426 luctus
968 1385 1118 1426 Idaeus
1142 1391 1183 1426 et
1205 1384 1336 1426 Actor

371 1446 515 1489 Ilionei
538 1446 694 1488 monitu
718 1451 759 1486 et
780 1445 954 1486 multum
977 1445 1225 1488 lacrimantis
1248 1446 1329 1487 Iuli

371 1507 608 1562 corripiunt,
632 1506 818 1560 interque
841 1521 987 1548 manus
1013 1506 1090 1548 sub
1114 1512 1222 1548 tecta
1243 1514 1454 1562 reponunt.

425 1567 486 1609 At
509 1567 608 1609 tuba
631 1567 850 1608 terribilem
875 1567 1052 1608 sonitum
1077 1567 1219 1622 procul
1243 1583 1335 1610 aere
1358 1583 1506 1610 canoro

370 1628 586 1683 increpuit3
612 1628 795 1681 sequitur
818 1628 988 1678 clamor,
1013 1628 1253 1682 caelumque
1276 1630 1464 1685 remugit.

370 1689 601 1731 adcelerant
623 1695 715 1730 acta
736 1689 887 1744 pariter
909 1689 1114 1731 testudine
1138 1689 1294 1740 Volsci,

370 1756 410 1791 et
431 1750 567 1792 fossas
590 1749 744 1804 inplere
766 1756 911 1804 parant
934 1764 982 1792 ac
1004 1751 1153 1792 vellere
1177 1750 1342 1792 vallum.

370 1816 569 1864 quaerunt
590 1824 687 1865 pars
710 1811 865 1851 aditum
889 1816 930 1851 et
953 1811 1073 1852 scalis
1097 1812 1317 1853 ascendere
1340 1827 1491 1862 muros,

369 1886 451 1925 qua
472 1886 565 1912 rara
588 1876 651 1912 est
673 1871 782 1912 acies
805 1871 1100 1925 interlucetque
1124 1886 1273 1913 corona

369 1946 452 1973 non
474 1937 558 1972 tam
583 1931 717 1985 spissa
738 1931 850 1973 viris.
874 1931 1048 1973 telorum
1072 1932 1280 1973 effundere
1305 1939 1445 1974 contra

370 2006 490 2033 omne
513 2006 644 2047 genus
670 1992 819 2033 Teucri
842 2006 891 2034 ac
914 1993 1025 2034 duris
1049 1993 1263 2034 detrudere
1287 1994 1430 2043 contis,

369 2053 530 2094 adsueti
551 2052 675 2108 longo
698 2067 837 2094 muros
862 2053 1081 2095 defendere
1104 2053 1224 2095 bello.

370 2128 470 2154 saxa
492 2127 656 2167 quoque
679 2113 830 2155 infesto
852 2114 1074 2155 volvebant
1096 2115 1293 2169 pondere,
1320 2115 1354 2156 si
1377 2129 1460 2168 qua

366 2180 536 2229 possent
559 2180 707 2216 tectam
732 2176 861 2216 aciem
882 2190 1162 2231 perrumpere,
1188 2190 1281 2217 cum
1304 2182 1441 2218 tamen
1464 2178 1595 2219 omnis

368 2235 474 2276 ferre
496 2235 609 2276 iuvat
633 2235 774 2277 subter
796 2237 925 2278 densa
947 2237 1150 2278 testudine
1174 2251 1307 2278 casus.

366 2310 443 2337 nec
466 2296 548 2337 iam
572 2296 794 2338 sufficiunt.
818 2312 913 2338 nam
937 2312 1019 2351 qua
1041 2297 1189 2354 globus
1213 2298 1398 2339 imminet
1419 2299 1576 2355 ingens,

366 2358 572 2399 inmanem
596 2358 746 2399 Teucri
769 2358 919 2401 molem
941 2359 1190 2413 volvuntque
1214 2365 1428 2413 ruuntque,

368 2432 473 2472 quae
497 2419 640 2460 stravit
661 2418 837 2460 Rutulos
861 2419 961 2470 late,
986 2435 1270 2473 armorumque
1292 2420 1458 2461 resolvit

366 2479 558 2534 tegmina.
583 2493 659 2520 nec
683 2485 826 2521 curant
849 2495 970 2522 caeco
995 2481 1237 2522 contendere
1260 2480 1395 2522 Marte

367 2539 541 2594 amplius
565 2540 741 2582 audaces
765 2541 926 2591 Rutuli,
953 2541 1026 2582 sed
1047 2541 1197 2597 pellere
1220 2541 1328 2582 vallo

366 2600 589 2642 missilibus
614 2607 780 2642 certant.

366 2666 480 2714 parte
503 2661 582 2701 alia
604 2661 830 2704 horrendus
853 2663 946 2704 visu
969 2663 1191 2716 quassabat
1215 2663 1432 2704 Etruscam

365 2721 506 2775 pinum
531 2727 570 2762 et
593 2722 804 2765 fumiferos
828 2724 949 2764 infert
971 2723 1203 2765 Mezentius
1226 2724 1352 2779 ignis3
