1800 3080
773 320 914 357 CIBIS.
1438 311 1522 354 363

158 437 200 472 et
227 443 372 471 roseus
396 426 533 469 medio
558 424 755 483 surgebat
778 424 930 467 vertice
955 423 1096 467 crinis:

159 490 276 533 cuius
300 504 426 544 quam
451 493 615 531 servata
637 487 709 529 diu
731 492 879 529 natura
901 486 1062 536 fuisset,

158 559 243 594 tam
265 551 442 608 patriam
464 549 716 592 incolumem
737 548 830 591 Nisi
852 562 1111 605 regnumque
1135 547 1321 591 futurum

158 613 383 656 concordes
408 611 546 655 stabili
568 611 784 653 firmarunt
806 611 975 652 numine
999 610 1171 652 Parcae.
1550 622 1614 654 125

159 690 258 732 ergo
282 676 416 717 omnis
441 689 537 716 caro
560 672 771 716 residebat
794 687 894 715 cura
917 672 1079 728 capillo,

157 751 284 779 aurea
309 735 498 779 sollemni
522 741 735 791 comptum
758 749 883 789 quem
906 733 1035 776 fibula
1057 734 1140 776 ritu

158 798 352 854 crobylus
376 804 418 840 et
441 798 560 840 tereti
581 795 804 839 nectebant
826 797 949 839 dente
973 796 1154 838 cicadae.

213 860 303 902 Nec
326 874 424 902 vero
447 859 552 902 haec
574 858 689 901 urbis
715 858 904 901 custodia
927 873 1036 900 vana
1058 858 1228 909 fuisset,
1253 883 1308 890 --

157 936 235 964 nec
258 921 395 964 fuerat
417 946 492 972 —,
516 921 560 963 ni
586 919 728 977 Scylla
750 935 860 963 novo
885 926 1086 976 concepta
1109 919 1261 970 furore,
1552 932 1616 963 130

161 981 322 1039 Scylla,
346 983 476 1039 patris
500 983 641 1025 miseri
663 982 904 1038 patriaeque
926 983 1096 1024 inventa
1120 982 1399 1038 sepulchrum,

159 1060 184 1087 o
208 1045 382 1086 nimium
407 1045 568 1100 cupidis
591 1043 741 1086 Minoa
761 1044 964 1086 inhiasset
987 1044 1148 1087 ocellisl

159 1107 234 1149 sed
255 1106 390 1149 malus
413 1106 482 1149 ille
504 1121 626 1162 puer,
651 1120 776 1160 quem
798 1119 876 1148 nec
900 1120 977 1148 sua
1000 1106 1164 1148 flectere
1188 1113 1322 1147 mater

157 1169 308 1211 iratum
329 1168 482 1225 potuit,
506 1182 633 1223 quem
655 1182 733 1210 nec
755 1173 874 1223 pater
897 1173 1022 1222 atque
1045 1182 1150 1210 avus
1174 1167 1287 1209 idem

157 1231 346 1287 Iuppiter
368 1256 423 1262 —
446 1230 516 1273 ille
540 1230 665 1272 etiam
686 1228 854 1273 Poenos
879 1229 1080 1273 domitare
1103 1230 1245 1272 leones
1551 1243 1615 1274 135

159 1298 201 1334 et
222 1292 382 1335 validas
407 1292 548 1335 docuit
570 1292 680 1334 vires
704 1306 995 1334 mansuescere
1019 1292 1159 1349 tigris;

158 1355 228 1397 ille
252 1356 376 1398 etiam
400 1355 538 1406 divos,
562 1354 751 1397 homines
775 1379 831 1386 —
856 1355 931 1397 sed
955 1355 1092 1397 dicere
1114 1370 1315 1412 magnum
1340 1362 1403 1397 est
1426 1381 1500 1406 --‚

159 1417 271 1459 idem
294 1422 383 1458 tum
407 1417 545 1459 tristes
570 1416 746 1459 acuebat
767 1416 967 1473 parvulus
990 1417 1087 1459 iras.

158 1478 332 1521 Iunonis
356 1492 553 1535 magnae,
578 1478 697 1520 cuius
721 1478 902 1534 periuria
924 1478 1045 1520 divae

158 1540 258 1583 olim
282 1540 319 1582 si
341 1540 584 1590 meminere,
611 1540 683 1582 diu
705 1540 871 1596 periura
893 1540 1057 1596 puellae
1551 1554 1616 1584 140

158 1617 242 1645 non
264 1601 339 1644 ulli
360 1601 501 1653 liceat,
525 1601 754 1644 violaverat
775 1601 908 1644 inscia
933 1602 1088 1652 sedem,

158 1664 259 1706 dum
285 1664 412 1706 sacris
438 1669 606 1719 operata
629 1663 732 1705 deae
754 1663 919 1705 lascivit
942 1669 983 1705 et
1006 1669 1123 1705 extra

157 1726 344 1782 procedit
365 1726 490 1782 longe
514 1731 694 1767 matrum
717 1725 998 1780 comitumque
1021 1731 1244 1776 catervam,

159 1802 405 1844 suspensam
428 1787 616 1844 gaudens
640 1788 684 1829 in
707 1802 878 1844 corpore
901 1787 1044 1830 ludere
1066 1794 1239 1839 vestem,
1430 1845 1432 1848 v

159 1855 201 1892 et
223 1849 403 1891 tumidos
429 1849 612 1906 agitante
636 1849 751 1892 sinus
777 1849 970 1904 aquilone
992 1850 1199 1892 relaxans.
1551 1863 1614 1893 145

158 1911 336 1954 necdum
361 1911 484 1954 etiam
508 1917 646 1954 castos
669 1917 911 1968 gustaverat
933 1912 1044 1969 ignis
1067 1913 1261 1964 honores,

158 1973 336 2015 necdum
361 1972 551 2015 sollemni
573 1972 745 2029 lympha
766 1973 938 2029 perfusa
962 1975 1157 2017 sacerdos

157 2034 348 2091 pallentis
374 2034 483 2088 foliis
508 2041 632 2090 caput
656 2042 875 2077 exornarat
898 2036 1050 2087 olivae3

159 2111 254 2138 cum
276 2096 395 2152 lapsa
418 2110 441 2139 e
464 2096 657 2139 manibus
682 2097 791 2153 fugit
812 2097 916 2153 pila,
943 2113 1120 2153 cumque
1143 2097 1309 2154 relapsa

157 2159 359 2214 procurrit
381 2158 518 2215 virgo:
543 2159 656 2214 quod
679 2160 741 2201 uti
763 2174 816 2201 ne
838 2161 1002 2216 prodita
1024 2160 1124 2202 ludo
1550 2173 1614 2203 150

158 2225 345 2261 auratam
367 2220 512 2276 gracili
536 2220 728 2262 solvisset
752 2236 922 2276 corpore
945 2221 1118 2277 pallam!

159 2280 318 2330 omnia,
345 2295 450 2335 quae
473 2281 648 2323 retinere
672 2282 848 2337 gradum
873 2297 1103 2337 cursusque
1127 2284 1278 2325 morari

158 2347 348 2396 possent,
375 2357 399 2383 o
424 2347 561 2383 tecum
584 2342 734 2384 vellem
759 2348 830 2384 tua
855 2358 1019 2399 semper
1040 2344 1236 2387 haberes:

159 2417 243 2444 non
266 2417 463 2456 umquam
486 2402 639 2445 violata
662 2419 788 2445 manu
813 2406 992 2447 sacraria
1016 2406 1136 2448 divae

159 2463 333 2514 urendo,
358 2463 521 2515 infelix,
546 2465 797 2520 nequiquam
822 2473 914 2509 tura
935 2467 1110 2523 piasses.
1550 2481 1611 2512 155

160 2530 200 2567 et
224 2525 260 2567 si
283 2525 376 2579 quis
401 2526 594 2568 nocuisse
618 2526 693 2570 tibi
715 2528 895 2583 periuria
918 2529 1071 2580 credat,

159 2600 308 2628 caussa
330 2587 401 2643 pia
423 2593 505 2630 est:
530 2588 665 2630 timuit
689 2589 806 2631 fratri
830 2597 871 2632 te
895 2591 1113 2633 ostendere
1137 2591 1258 2633 Iuno.

158 2653 201 2689 at
222 2647 326 2690 levis
350 2649 419 2691 ille
442 2649 564 2700 deus,
591 2650 657 2692 cui
681 2665 845 2707 semper
868 2652 923 2694 ad
946 2652 1231 2695 ulciscendum

158 2710 368 2763 quaeritur
391 2725 443 2752 ex
466 2711 579 2754 omni
602 2711 823 2755 verborum
847 2713 996 2756 iniuria
1019 2714 1142 2765 dicto,

159 2785 283 2814 aurea
305 2772 482 2829 fulgenti
506 2774 752 2830 depromens
778 2775 859 2818 tela
881 2776 1086 2832 pharetra,
1546 2789 1608 2820 160
