1780 3074
0 2712 5 2723 ν·
8 2695 9 2699 Α
0 2419 14 2671 στω-ππ.
0 2394 9 2410 ·—.

577 309 873 347 GEORGICON
894 309 991 345 LIB.
1011 307 1060 342 11.

494 707 1118 767 GEORGICON

620 919 882 957 LIBER
932 919 987 956 Π.

177 1053 394 1096 Hactenus
418 1066 611 1094 arvorum
636 1051 771 1093 cultus
796 1056 837 1093 et
861 1051 997 1093 sidera
1021 1051 1136 1101 caeli,

120 1130 230 1158 nunc
254 1122 313 1166 te,
338 1114 524 1164 Bacche,
550 1128 716 1164 canam,
740 1127 819 1155 nec
841 1128 926 1155 non
950 1113 1156 1156 silvestria
1180 1120 1316 1156 tecum

119 1177 299 1234 virgulta
323 1184 364 1219 et
385 1177 545 1233 prolem
568 1176 684 1218 tarde
708 1175 931 1218 crescentis
957 1176 1103 1218 olivae.

119 1240 219 1290 huc,
243 1246 361 1295 pater
384 1254 409 1282 ο
434 1240 605 1280 Lenaee
613 1255 624 1289 3
650 1238 732 1280 tuis
756 1237 825 1279 hic
849 1238 988 1280 omnia
1011 1238 1136 1293 plena

119 1301 378 1352 muneribus,
403 1301 479 1344 tibi
501 1300 723 1356 pampineo
747 1300 945 1357 gravidus
970 1308 1172 1344 autumno

118 1364 237 1406 floret
260 1358 388 1420 ager,
404 1370 569 1419 spumat
591 1363 724 1419 plenis
748 1362 959 1405 vindemia
982 1363 1130 1414 labris3

118 1420 219 1471 huc,
243 1428 362 1476 pater
385 1435 410 1462 o
432 1420 622 1469 Lenaee,
646 1419 761 1470 veni,
786 1419 1025 1474 nudataque
1049 1427 1189 1463 musto

119 1482 262 1538 tingue
285 1497 395 1524 novo
419 1496 584 1524 mecum
608 1481 779 1537 direptis
804 1496 926 1523 crura
949 1481 1175 1524 cothurnis.

174 1544 385 1600 Principio
408 1543 624 1586 arboribus
651 1543 765 1585 varia
788 1549 852 1585 est
875 1550 1023 1586 natura
1047 1545 1249 1588 creandis.

118 1621 297 1661 namque
320 1606 426 1648 aliae
449 1605 574 1648 nullis
598 1605 813 1648 hominum
838 1605 1083 1662 cogentibus
1108 1606 1225 1662 ipsae

119 1675 265 1724 sponte
290 1683 367 1710 sua
390 1668 561 1710 veniunt
584 1682 838 1723 camposque
862 1674 905 1710 et
927 1667 1100 1710 flumina
1123 1669 1206 1711 late

118 1745 247 1773 curva
269 1736 427 1780 tenent,
453 1736 498 1771 ut
522 1729 646 1772 molle
670 1730 768 1772 siler
789 1729 1010 1784 lentaeque
1034 1730 1236 1786 genistae,

118 1792 297 1848 populus
322 1798 364 1834 et
391 1791 543 1848 glauca
567 1791 758 1834 canentia
780 1791 927 1834 fronde
953 1792 1116 1842 salicta3

117 1870 214 1910 pars
238 1860 378 1897 autem
399 1854 535 1910 posito
560 1860 737 1910 surgunt
760 1854 813 1896 de
839 1854 1015 1904 semine,
1041 1861 1088 1895 ut
1111 1854 1219 1897 altae

118 1923 354 1967 castaneae,
379 1930 678 1970 nemorumque
704 1915 796 1958 Iovi
819 1930 927 1971 quae
951 1916 1135 1958 maxima
1159 1916 1325 1960 frondet

118 1978 330 2029 aesculus,
355 1985 479 2033 atque
502 1978 668 2021 habitae
694 1975 820 2021 Grais
844 1978 1012 2021 oracula
1035 1992 1228 2033 quercus.

117 2040 292 2096 pullulat
314 2039 368 2083 ab
390 2040 530 2082 radice
553 2040 644 2083 aliis
669 2040 920 2083 densissima
944 2040 1063 2092 silva,

117 2110 164 2145 ut
187 2103 339 2146 cerasis
362 2102 589 2157 ulmisque:
615 2103 740 2145 etiam
762 2103 968 2146 Parnasia
990 2103 1133 2146 laurus

117 2180 247 2220 parva
270 2164 348 2207 sub
371 2164 531 2222 ingenti
553 2165 697 2208 matris
722 2179 768 2208 se
793 2164 946 2208 subicit
969 2165 1129 2208 umbra.

117 2227 194 2270 hos
218 2233 365 2270 natura
387 2227 534 2270 modos
557 2227 739 2284 primum
762 2228 895 2279 dedit3
919 2227 986 2270 his
1010 2243 1146 2284 genus
1172 2243 1295 2271 omne

119 2289 317 2333 silvarum
340 2289 619 2345 fruticumque
642 2290 749 2332 viret
771 2305 1072 2345 nemorumque
1097 2306 1323 2333 sacrorum.

177 2350 287 2394 Sunt
309 2351 433 2402 aliae,
457 2365 562 2406 quas
586 2352 676 2408 ipse
700 2353 769 2394 via
793 2352 873 2395 sibi
895 2353 1077 2408 repperit
1101 2368 1217 2395 usus.

118 2413 187 2456 hic
210 2413 375 2469 plantas
399 2419 540 2456 tenero
564 2413 813 2457 abscindens
838 2415 891 2457 de
916 2430 1086 2471 corpore
1111 2422 1291 2458 matrum

119 2475 313 2531 deposuit
337 2474 483 2526 sulcis3
507 2475 576 2517 hie
600 2476 749 2532 stirpes
773 2476 910 2518 obruit
933 2492 1046 2527 arvo,

120 2537 458 2592 quadrifidasque
483 2537 608 2580 sudes
634 2544 676 2580 et
698 2543 821 2580 acuto
845 2537 994 2581 robore
1018 2539 1171 2590 vallos;

121 2600 399 2654 silvarumque
424 2600 529 2642 aliae
552 2615 720 2656 pressos
744 2600 986 2657 propaginis
1011 2616 1132 2643 arcus

121 2668 363 2717 exspectant
386 2668 427 2703 et
449 2662 547 2704 viva
570 2678 647 2704 sua
669 2662 874 2718 plantaria
897 2668 1016 2704 terra.

121 2723 179 2764 nil
200 2723 350 2765 radicis
374 2730 499 2780 egent
521 2724 644 2775 aliae,
671 2739 963 2779 summumque
985 2731 1152 2780 putator

122 2783 235 2826 haud
257 2785 418 2828 dubitat
441 2792 574 2828 terrae
596 2786 781 2829 referens
805 2787 1002 2830 mandare
1027 2802 1237 2830 cacumen.

1429 300 1486 341 43

1519 1624 1560 1653 10

1517 2246 1559 2276 20
