1794 3042
283 534 346 565 110

285 837 344 866 115

287 1139 345 1169 120

286 1748 345 1777 130

284 2051 344 2080 135

285 2356 346 2386 140

282 2657 342 2687 145

376 287 453 329 152
772 292 814 328 P.
835 294 1064 330 VERGILII
1082 294 1304 331 MARONIS

371 398 522 439 abnuat
545 401 615 438 aut
638 402 772 437 tecum
795 395 909 436 malit
933 396 1175 438 contendere
1198 395 1330 438 bello?

370 459 406 500 si
427 458 567 506 modo,
593 456 703 510 quod
725 470 926 498 memoras
951 456 1123 506 factum,
1148 456 1312 499 fortuna
1335 464 1538 512 sequatur.

371 520 444 561 sed
466 518 561 560 fatis
585 517 740 558 incerta
762 517 888 566 feror,
914 517 949 558 si
972 517 1156 572 Iuppiter
1180 533 1303 559 unam

369 595 460 622 esse
484 579 582 620 velit
605 577 741 632 Tyriis
766 576 910 619 urbem
934 578 1138 632 Troiaque
1161 579 1367 633 profectis,

368 640 581 682 miscerive
604 638 748 694 probet
772 638 946 693 populos
972 646 1041 680 aut
1065 639 1231 681 foedera
1253 640 1380 696 iungi.

368 708 414 743 tu
438 701 632 750 coniunX,
658 699 732 740 tibi
757 700 819 740 fas
845 699 1024 740 animum
1049 706 1244 756 temptare
1268 701 1484 756 precando.

367 776 512 818 perge3
538 763 723 815 sequar.“
749 766 836 800 tum
861 760 920 801 sie
944 761 1102 816 excepit
1124 761 1239 816 regia
1261 761 1384 802 Iuno:

371 837 558 874 „mecum
582 821 657 862 erit
680 821 757 861 iste
780 820 907 862 labor.
932 836 1040 862 nunc
1065 836 1146 876 qua
1168 822 1341 872 ratione,
1367 822 1476 875 quod
1497 822 1633 870 instat,

368 882 532 925 confieri
555 881 703 937 possit,
727 882 887 936 paucis,
913 883 1095 932 adverte,
1121 883 1289 925 docebo.

367 951 561 986 venatum
583 942 748 984 Aeneas
772 958 934 997 unaque
957 944 1182 986 miserrima
1204 944 1317 987 Dido

367 1005 411 1046 in
433 1019 577 1046 nemus
601 1004 659 1045 ire
681 1009 843 1058 parant,
867 1004 940 1046 ubi
961 1005 1114 1059 primos
1139 1006 1338 1047 crastinus
1362 1011 1473 1046 ortus

370 1066 557 1108 extulerit
580 1065 704 1106 Titan
725 1065 930 1119 radiisque
952 1066 1142 1107 retexerit
1165 1067 1316 1108 orbem.

368 1128 432 1169 his
457 1141 534 1182 ego
557 1126 786 1182 nigrantem
810 1126 1029 1168 commixta
1050 1127 1248 1182 grandine
1271 1127 1467 1175 nimbum,

369 1189 468 1229 dum
491 1187 693 1242 trepidant
716 1187 822 1236 alae,
849 1186 1056 1241 saltusque
1079 1187 1272 1240 indagine
1296 1188 1477 1243 cingunt,

369 1249 544 1303 desuper
566 1247 779 1289 infundam
803 1253 843 1289 et
867 1247 1018 1289 tonitru
1041 1248 1200 1289 caelum
1223 1263 1342 1289 omne
1367 1248 1494 1290 ciebo.

369 1309 586 1364 diffugient
609 1308 778 1349 comites
803 1313 843 1347 et
872 1313 991 1348 nocte
1015 1313 1204 1362 tegentur
1226 1323 1372 1362 opaca:

370 1369 606 1424 speluncam
628 1367 742 1409 Dido
767 1368 851 1408 dux
875 1373 914 1408 et
938 1367 1140 1409 Troianus
1166 1369 1337 1410 eandem

305 1444 321 1472 2
370 1430 596 1471 devenient.
622 1429 744 1470 adero
769 1434 826 1478 et,
851 1434 923 1470 tua
946 1429 981 1470 si
1003 1429 1103 1470 mihi
1128 1440 1237 1471 certa
1260 1429 1462 1480 voluntas,

369 1490 544 1532 conubio
566 1490 735 1545 iungam
760 1489 895 1531 stabili
916 1490 1203 1545 propriamque
1227 1490 1384 1532 dicabo.

368 1553 435 1594 hic
457 1552 708 1606 hymenaeus
733 1551 846 1592 erit.“
871 1565 954 1592 non
978 1551 1193 1593 adversata
1213 1552 1368 1607 petenti

369 1613 512 1654 adnuit
535 1617 657 1666 atque
681 1611 784 1653 dolis
808 1611 896 1653 risit
922 1611 1126 1667 Cytherea
1148 1613 1332 1668 repertis.

428 1672 644 1715 Oceanum
666 1673 820 1715 interea
845 1688 1017 1728 surgens
1042 1688 1188 1716 aurora
1209 1673 1383 1727 reliquit.

369 1735 400 1775 it
422 1734 550 1789 portis
573 1732 715 1774 iubare
739 1739 878 1775 exorto
903 1734 1060 1777 delecta
1082 1734 1291 1785 iuventus3

369 1795 471 1836 retia
492 1809 601 1844 rara,
625 1794 791 1850 plagae,
816 1794 899 1836 lato
922 1795 1125 1839 venabula
1148 1795 1268 1846 ferro,

369 1855 626 1910 Massylique
649 1860 772 1896 ruunt
796 1856 952 1909 equites
977 1862 1018 1897 et
1041 1856 1166 1898 odora
1189 1872 1336 1898 canum
1359 1858 1435 1899 vis.

369 1916 552 1971 reginam
575 1915 754 1957 thalamo
778 1922 1035 1959 cunctantem
1059 1918 1112 1958 ad
1133 1917 1273 1959 limina
1293 1918 1414 1973 primi

369 1977 603 2018 Poenorum
627 1982 882 2030 exspectant,
908 1983 1097 2031 ostroque
1120 1978 1293 2033 insignis
1317 1984 1358 2019 et
1381 1993 1479 2019 auro

371 2042 450 2078 stat
475 2037 638 2091 sonipes
663 2050 711 2077 ac
734 2036 850 2078 frena
873 2036 990 2078 ferox
1014 2039 1244 2092 spumantia
1266 2039 1433 2079 mandit.

369 2098 534 2139 tandem
556 2097 815 2153 progreditur
837 2113 988 2153 magna
1011 2099 1186 2154 stipante
1210 2105 1383 2149 caterva,

371 2157 582 2201 Sidoniam
604 2159 714 2213 picto
738 2158 995 2214 chlamydem
1019 2160 1267 2201 circumdata
1289 2160 1427 2202 limbo.

369 2219 434 2260 cui
456 2219 646 2274 pharetra
669 2234 721 2261 ex
745 2234 861 2270 auro,
887 2220 1017 2262 crines
1041 2221 1244 2262 nodantur
1265 2221 1309 2262 in
1332 2236 1487 2271 aurum,

369 2296 492 2323 aurea
513 2296 761 2337 purpuream
785 2281 988 2323 subnectit
1010 2282 1137 2324 fibula
1159 2288 1327 2326 vestem.

368 2357 445 2384 nec
467 2357 550 2384 non
573 2349 613 2384 et
636 2342 808 2399 Phrygii
832 2343 999 2385 comites
1024 2350 1065 2385 et
1086 2344 1217 2385 laetus
1241 2343 1356 2385 Iulus

367 2403 574 2446 incedunt.
598 2403 687 2459 ipse
712 2410 806 2445 ante
829 2404 930 2445 alios
954 2404 1249 2460 pulcherrimus
1274 2404 1406 2447 omnis

367 2464 490 2506 infert
513 2479 558 2506 se
583 2464 738 2505 socium
761 2463 926 2506 Aeneas
951 2470 1072 2519 atque
1096 2466 1261 2520 agmina
1282 2465 1426 2520 iungit.

368 2525 499 2578 qualis
523 2524 594 2566 ubi
617 2524 829 2566 hibernam
851 2526 1028 2580 Lyciam
1050 2526 1292 2579 Xanthique
1315 2525 1467 2567 fluenta

368 2586 518 2627 deserit
541 2601 589 2627 ac
611 2586 767 2628 Delum
789 2592 1014 2628 maternam
1035 2587 1175 2630 invisit
1197 2586 1349 2641 Apollo

367 2646 645 2700 instauratque
669 2646 832 2697 choros,
856 2648 1053 2701 mixtique
1077 2647 1219 2689 altaria
1242 2646 1393 2687 circum

371 2704 595 2760 Cretesque
619 2707 892 2762 Dryopesque
915 2708 1093 2750 fremunt
1114 2708 1293 2762 pictique
1315 2705 1562 2762 Agathyrsi3
