1820 3080
371 279 453 320 242
768 288 810 321 Ρ.
829 287 1058 322 VERGILII
1079 285 1301 323 MARONIS

282 400 344 432 285
369 393 454 428 tum
480 386 581 429 Salii
604 387 657 427 ad
681 392 823 427 cantus
846 387 1014 428 incensa
1036 386 1178 427 altaria
1201 387 1352 428 circum

277 702 340 732 290

273 1307 337 1337 300

271 1611 334 1641 305

269 1914 334 1944 310

269 2214 332 2246 315

366 448 551 503 populeis
577 447 725 487 adsunt
749 447 897 489 evincti
920 452 1102 501 tempora
1124 447 1262 497 ramis,

366 509 431 548 hic
454 508 645 547 iuvenum
670 507 835 556 chorus,
859 507 926 548 ille
951 521 1112 556 senum,
1138 508 1207 561 qui
1232 508 1408 550 carmine
1429 509 1572 552 laudes

365 567 590 608 Herculeas
616 573 655 607 et
683 567 793 608 facta
816 567 969 608 ferunt:
993 574 1038 608 ut
1060 569 1191 622 prima
1214 583 1412 612 novercae

364 635 544 668 monstra
567 643 690 668 manu
713 628 980 683 geminosque
1003 643 1192 683 premens
1217 629 1368 672 eliserit
1391 645 1559 686 angues,

365 695 408 728 ut
432 687 537 729 bello
562 688 748 743 egregias
771 689 880 730 idem
904 689 1107 731 disiecerit
1129 689 1264 740 urbes,

364 748 608 801 Troiamque
635 747 976 803 Oechaliamque,
1002 756 1046 790 ut
1068 750 1191 792 duros
1216 751 1326 792 mille
1349 751 1510 795 labores

363 824 457 864 rege
483 808 559 850 sub
582 809 818 864 Eurystheo
841 810 937 852 fatis
960 810 1130 852 Iunonis
1155 811 1317 865 iniquae

362 869 579 924 pertulerit.
606 876 649 910 tu
672 870 918 925 nubigenas,
943 871 1109 921 invicte,
1136 871 1392 923 bimembres,

361 930 649 984 Hylaeumque
672 930 949 985 Pholumque,
975 947 1116 981 manU,
1142 938 1185 973 tu
1211 932 1355 975 Cresia
1378 940 1532 976 mactas

361 990 547 1046 prodigia
570 997 610 1031 et
634 998 794 1032 vastum
817 992 973 1033 Nemea
997 993 1074 1034 sub
1097 1007 1197 1047 rupe
1221 993 1391 1036 leonem.

361 1058 400 1092 te
427 1049 561 1106 Stygii
585 1058 784 1093 tremuere
807 1052 939 1102 lacus,
965 1059 1004 1094 te
1028 1053 1173 1098 ianitor
1199 1052 1299 1096 Orci

361 1127 456 1154 ossa
480 1126 602 1167 super
623 1113 821 1154 recubans
846 1119 961 1156 antro
986 1129 1145 1156 semesa
1168 1121 1353 1166 cruent03

360 1187 436 1214 nec
460 1178 498 1213 te
522 1172 628 1217 ullae
652 1173 796 1223 facies,
820 1188 903 1216 non
925 1175 1066 1216 terruit
1088 1176 1176 1230 ipse
1201 1176 1436 1231 Typhoeus,

361 1233 511 1275 arduus
536 1249 649 1274 arma
672 1241 833 1284 tenens,
858 1249 942 1276 non
965 1241 1004 1276 te
1026 1236 1192 1278 rationis
1218 1243 1405 1292 egentem

359 1295 572 1335 Lernaeus
597 1294 715 1335 turba
739 1296 916 1349 capitum
941 1296 1205 1338 circumstetit
1228 1299 1386 1352 anguis.

361 1355 490 1405 salve,
515 1370 612 1396 vera
634 1355 746 1396 Iovis
770 1356 923 1410 proles,
948 1357 1073 1397 decus
1097 1357 1233 1398 addite
1257 1358 1374 1407 divis,

360 1422 401 1457 et
421 1430 497 1462 nos
521 1422 562 1456 et
584 1422 654 1456 tua
677 1416 820 1456 dexter
842 1417 909 1458 adi
932 1418 1037 1471 pede
1062 1432 1177 1459 sacra
1201 1419 1392 1460 secundo.

360 1476 455 1517 talia
479 1475 724 1517 carminibus
749 1476 971 1527 celebrant3
998 1493 1121 1533 super
1144 1479 1279 1521 omnia
1304 1479 1404 1521 Caci

360 1537 596 1591 speluncam
619 1537 799 1578 adiciunt
823 1538 1122 1593 spirantemque
1145 1539 1309 1595 ignibus
1333 1540 1480 1595 ipsum.

359 1603 554 1639 consonat
577 1612 696 1639 omne
720 1613 864 1640 nemus
890 1600 1058 1654 strepitu
1082 1600 1287 1654 collesque
1309 1602 1517 1643 resultant.

413 1658 539 1711 Exim
563 1673 608 1701 se
631 1659 766 1700 cuncti
789 1659 937 1702 divinis
960 1660 1083 1702 rebus
1108 1661 1161 1702 ad
1183 1662 1326 1703 urbem

356 1719 548 1775 perfectis
571 1720 763 1761 referunt.
788 1720 874 1762 ibat
896 1736 969 1763 rex
993 1721 1149 1764 obsitus
1175 1738 1276 1765 aevo

358 1788 398 1821 ct
421 1781 609 1823 comitem
632 1780 805 1822 Aenean
827 1782 942 1823 iuxta
964 1789 1185 1837 natumque
1208 1785 1371 1827 tenebat

357 1841 607 1896 ingrediens,
632 1842 824 1895 varioque
847 1843 956 1884 viam
981 1858 1165 1886 sermone
1188 1845 1361 1887 levabat.

358 1901 526 1942 miratur
548 1902 762 1955 facilisque
786 1902 926 1944 oculos
950 1902 1030 1944 fert
1053 1905 1189 1946 omnia
1212 1906 1363 1946 circum

356 1961 542 2011 Aeneas,
568 1962 805 2016 capiturque
828 1963 928 2004 locis
954 1969 994 2004 et
1018 1964 1180 2019 singula
1202 1965 1333 2007 laetus

357 2021 612 2075 exquiritque
635 2022 827 2075 auditque
851 2023 984 2064 virum
1007 2031 1270 2067 monumenta
1291 2026 1481 2080 priorum.

357 2089 444 2123 tum
466 2096 540 2123 rex
562 2082 782 2124 Euandrus
801 2083 1018 2125 *Romanae
1043 2086 1226 2127 conditor
1249 2086 1371 2128 arcis:

360 2143 485 2194 „haec
509 2158 676 2184 nemora
698 2144 912 2199 indigenae
934 2145 1069 2188 Fauni
1091 2146 1387 2202 Nymphaeque
1410 2147 1614 2198 tenebant,

357 2218 541 2260 gensque
563 2204 697 2245 virum
719 2205 873 2247 truncis
897 2211 938 2247 et
961 2207 1061 2248 duro
1084 2207 1229 2249 robore
1252 2214 1361 2258 nata,

356 2265 448 2318 quis
472 2278 604 2318 neque
627 2279 717 2307 mos
741 2280 875 2320 neque
899 2267 1032 2309 cultus
1057 2273 1160 2318 erat,
1184 2282 1260 2310 nec
1282 2268 1452 2324 iungere
1476 2274 1612 2312 tauros

356 2332 426 2366 aut
449 2340 675 2380 conponere
700 2341 798 2382 opes
822 2334 968 2369 norant
990 2334 1060 2370 aut
1081 2343 1247 2384 parcere
1269 2336 1399 2384 parto,

357 2386 430 2427 sed
452 2386 555 2427 rami
578 2393 699 2441 atque
723 2402 844 2443 asper
865 2389 977 2430 victu
999 2396 1171 2431 venatus
1196 2390 1341 2432 alebat.

355 2447 510 2501 primus
535 2447 587 2489 ab
611 2448 790 2490 aetherio
813 2450 925 2491 venit
949 2448 1150 2492 Saturnus
1176 2450 1369 2506 Olympo,

268 2520 333 2551 320
357 2523 470 2549 arma
492 2508 604 2550 Iovis
629 2508 792 2565 fugiens
818 2516 859 2552 et
880 2511 1018 2567 regnis
1042 2512 1159 2553 exsul
1182 2513 1395 2568 ademptis.

355 2569 391 2609 is
415 2583 546 2624 genus
569 2569 744 2612 indocile
767 2585 816 2612 ac
839 2571 1068 2627 dispersum
1091 2573 1297 2615 montibus
1320 2573 1412 2615 altis

356 2630 587 2684 conposuit,
612 2631 807 2686 legesque
831 2633 961 2682 dedit,
983 2632 1233 2688 Latiumque
1255 2634 1390 2675 vocari

356 2689 514 2739 maluit,
540 2690 603 2732 his
628 2693 820 2744 quoniam
842 2693 1028 2736 latuisset
1051 2700 1162 2736 tutus
1186 2695 1227 2735 in
1251 2695 1343 2736 oris.
