1800 3080
609 288 869 326 AENEIDOS
889 287 987 324 LIB.
1008 287 1096 322 XII.

169 397 342 440 ulterius
367 400 568 450 temptare
592 395 728 436 vet0.“
755 393 816 436 sic
838 392 1028 449 Iuppiter
1050 405 1183 441 orsus,

170 461 231 503 sic
254 460 334 502 dea
358 458 568 500 submisso
593 462 737 499 contra
761 455 960 500 Saturnia
982 454 1117 497 voltu:

171 523 278 574 „ista
300 521 469 576 quidem
492 519 591 574 quia
613 526 713 562 nota
736 519 840 561 mihi
862 525 952 570 tua,
978 532 1151 575 magne,
1176 516 1383 568 voluntas,

166 583 373 640 Iuppiter,
400 588 442 624 et
465 582 656 624 Turnum
680 587 722 623 et
745 588 875 624 terras
898 581 1030 623 invita
1051 580 1219 635 reliqui3

167 660 245 688 nec
268 652 315 687 tu
337 659 405 687 me
429 645 542 687 aeria
565 644 699 686 solam
722 659 834 687 nunc
858 643 958 686 sede
980 643 1146 685 videres

167 707 295 764 digna
317 706 491 764 indigna
511 706 618 762 pati,
644 706 720 749 sed
742 705 922 748 flammis
946 705 1083 747 cincta
1106 703 1184 747 sub
1209 705 1302 760 ipsa

168 776 321 811 starem
344 769 434 811 acie
457 768 747 823 traheremque
768 768 937 810 inimica
958 767 1004 809 in
1024 766 1182 823 proelia
1206 767 1406 809 Teucros.

166 831 386 874 Iuturnam
408 831 580 882 misero,
605 830 757 882 fateor,
784 845 1022 873 succurrere
1047 829 1166 871 fratri

168 893 282 936 suasi
306 899 348 935 et
369 907 445 949 pro
468 893 554 935 vita
577 892 736 935 maiora
758 892 911 935 audere
934 891 1121 948 probavi,

166 970 252 998 non
274 961 320 997 ut
343 955 427 997 tela
449 961 607 1006 tamen,
632 970 718 997 non
739 960 788 996 ut
810 953 1080 997 contenderet
1103 968 1265 1006 arcum3

167 1016 311 1059 adiuro
338 1015 478 1073 Stygii
501 1022 627 1072 caput
649 1015 899 1072 inplacabile
922 1015 1064 1066 fontis,

165 1094 251 1121 una
274 1078 512 1135 superstitio
536 1078 698 1134 superis
722 1092 830 1133 quae
852 1078 1016 1120 reddita
1039 1078 1160 1120 divis.

166 1147 208 1183 et
230 1155 342 1183 nunc
365 1140 468 1183 cedo
492 1140 705 1195 equidem,
728 1154 978 1197 pugnasque
1002 1154 1132 1182 exosa
1154 1140 1355 1195 relinquo.

165 1203 270 1245 illud
291 1209 352 1255 te,
375 1202 491 1245 nulla
513 1202 590 1245 fati
613 1202 726 1258 quod
748 1202 843 1259 lege
867 1208 1042 1253 tenetur,

165 1279 242 1321 pro
264 1265 392 1306 Latio
415 1263 618 1315 obtestor,
642 1279 719 1320 pro
742 1265 961 1307 maiestate
985 1270 1170 1307 tuorum:

168 1340 264 1368 cum
286 1326 372 1368 iam
395 1325 570 1369 conubis
593 1341 742 1382 pacem
766 1326 978 1377 felicibus,
1004 1333 1108 1377 esto,

167 1394 421 1445 conponent,
447 1403 543 1430 cum
566 1388 651 1430 iam
673 1389 790 1445 leges
814 1394 856 1431 et
878 1388 1049 1431 foedera
1071 1388 1257 1445 iungent,

167 1465 220 1493 ne
243 1456 364 1493 vetus
388 1450 607 1507 indigenas
630 1465 784 1493 nomen
806 1456 968 1492 mutare
991 1450 1183 1501 Latinos,

167 1526 251 1554 neu
275 1512 408 1554 Troas
431 1511 523 1554 fieri
545 1511 691 1555 iubeas
717 1511 988 1567 Teucrosque
1011 1512 1165 1563 vocari,

168 1580 240 1616 aut
262 1589 410 1617 vocem
432 1580 595 1617 mutare
618 1575 729 1618 viros
754 1580 827 1618 aut
849 1581 1010 1617 vertere
1033 1581 1206 1617 vestem.

169 1637 222 1679 sit
244 1637 437 1689 Latium,
463 1637 546 1679 sint
568 1636 727 1680 Albani
748 1652 824 1694 per
848 1637 1014 1680 saecula.
1035 1652 1171 1694 reges,

169 1699 222 1741 sit
245 1698 437 1741 Romana
458 1705 608 1755 potens
633 1699 741 1742 Ita-la
763 1700 915 1742 virtute
937 1713 1145 1756 propag03

168 1760 336 1811 occidit,
362 1761 639 1816 occideritque
664 1762 777 1804 sinas
802 1776 898 1804 cum
920 1762 1088 1804 nomine
1112 1761 1279 1804 Troia.“

168 1822 239 1866 olli
263 1822 482 1865 subridens
506 1823 723 1866 hominum
744 1838 967 1879 rerumque
989 1829 1195 1880 repertor:

171 1900 242 1937 „es
266 1899 466 1942 germana
488 1886 603 1929 Iovis
630 1885 884 1942 Saturnique
907 1887 1038 1929 altera
1058 1887 1217 1944 proles:

168 1948 323 1990 irarum
347 1954 483 1990 tantos
508 1949 642 1991 volvis
668 1949 747 1992 sub
770 1956 939 2005 pectore
962 1949 1126 1992 fluctus.

167 2024 313 2051 verum
337 2024 416 2066 age
440 2015 482 2052 et
503 2011 716 2067 inceptum
739 2011 895 2054 frustra
918 2011 1116 2054 submitte
1139 2012 1342 2055 furorem:

168 2071 240 2122 do,
265 2072 379 2126 quod
401 2072 484 2124 vis,
511 2079 552 2115 et
574 2088 642 2116 me
665 2074 884 2129 victusque
907 2073 1136 2129 volensque
1159 2075 1336 2117 remitto.

169 2148 402 2176 sermonem
423 2133 607 2177 Ausonii
629 2136 810 2192 patrium
833 2151 1056 2192 moresque
1080 2136 1292 2187 tenebunt,

167 2201 295 2250 utque
319 2202 401 2248 est,
426 2212 581 2239 nomen
604 2198 700 2249 erit3
725 2199 940 2240 commixti
964 2213 1136 2254 corpore
1160 2204 1320 2240 tantum

169 2256 387 2299 subsident
410 2257 575 2300 Teucri.
600 2273 760 2301 morem
781 2260 971 2314 ritusque
996 2274 1208 2301 sacrorum

170 2318 366 2369 adiciam,
390 2318 625 2374 faciamque
650 2335 794 2363 omnes
817 2335 901 2363 uno
925 2335 995 2363 ore
1019 2321 1212 2363 Latinos.

169 2379 266 2422 hinc
288 2395 423 2436 genus
446 2379 639 2423 Ausonio
663 2382 841 2423 mixtum
864 2383 978 2437 quod
1003 2383 1207 2439 sanguine
1233 2390 1388 2439 surget,

171 2456 297 2497 supra
318 2441 527 2493 homines,
553 2457 680 2499 supra
702 2443 762 2485 ire
786 2444 887 2486 deos
910 2444 1064 2499 pietate
1087 2444 1263 2494 videbis,

170 2518 247 2545 nec
270 2517 375 2560 gens
399 2503 485 2546 ulla
506 2510 601 2547 tuos
626 2519 758 2559 aeque
782 2505 1008 2548 celebrabit
1030 2506 1249 2548 honores.“

171 2565 315 2607 adnuit
336 2564 401 2607 his
425 2565 532 2608 Iuno
557 2572 599 2608 et
622 2572 804 2609 mentem
826 2567 979 2610 laetata
1000 2567 1177 2609 retorsit.

170 2626 327 2669 interea
350 2627 514 2669 excedit
538 2628 672 2680 caelo,
696 2627 935 2683 nubemque
957 2629 1164 2684 relinquit.

226 2687 311 2732 His
333 2689 437 2732 actis
462 2689 575 2732 aliud
598 2690 761 2747 genitor
784 2705 926 2733 secum
949 2691 1040 2747 ipse
1062 2691 1234 2742 volutat,

172 2748 470 2806 Iuturnamque
493 2758 612 2807 parat
635 2752 774 2794 fratris
798 2752 1003 2794 dimittere
1027 2752 1080 2795 ab
1105 2753 1242 2795 armis.

1562 654 1630 686 810

1563 966 1630 998 815

1562 1277 1630 1309 820

1563 1590 1629 1621 825

1563 1900 1629 1932 830

1563 2211 1628 2243 835

1561 2519 1627 2550 840
