1820 3054
366 271 450 313 344
766 279 808 313 P.
829 278 1059 314 VERGILII
1075 276 1301 315 MARONIS

277 393 341 424 845
365 381 553 422 dicuntur
574 379 761 434 geminae
783 384 921 432 pestes
946 378 1187 433 cognomine
1210 378 1351 429 Dirae,

273 696 338 726 850

271 998 336 1030 855

272 1303 336 1335 860

271 1607 335 1638 865

273 1910 337 1941 870

273 2213 337 2244 875

275 2516 339 2547 880

364 456 466 495 quas
491 447 530 481 et
554 440 791 480 Tartaream
813 439 907 479 Nox
929 438 1174 494 intempesta
1195 438 1435 495 Megaeram

362 516 444 542 uno
468 501 692 553 eodemque
717 499 808 540 tulit
829 505 968 554 partu,
991 499 1240 555 paribusque
1263 501 1438 542 revinxit

363 566 596 616 serpentum
620 560 757 615 spiris,
782 565 1055 614 ventosasque
1079 561 1235 602 addidit
1258 561 1356 603 alas.

361 622 438 662 hae
461 621 573 662 Iovis
598 621 650 662 ad
675 620 822 662 solium
846 620 1038 674 saevique
1060 621 1104 662 in
1125 621 1264 663 limine
1287 622 1397 678 regis

362 683 575 736 adparent,
601 686 832 735 acuuntque
856 687 1012 722 metum
1034 682 1273 724 mortalibus
1297 683 1445 737 aegris,

361 743 396 784 si
419 742 583 795 quando
606 741 734 783 letum
756 742 990 783 horrificum
1013 742 1261 797 morbosque
1284 743 1407 786 deum
1429 759 1503 786 rex

359 803 543 853 molitur,
567 803 732 844 meritas
757 808 828 844 aut
850 802 958 844 bello
981 803 1138 845 territat
1160 804 1295 846 urbes.

359 863 505 906 harum
528 879 651 905 unam
675 863 847 905 celerem
871 864 1034 905 demisit
1056 864 1108 906 ab
1133 865 1295 907 aethere
1320 880 1479 907 summo

358 925 562 980 Iuppiter,
586 925 710 978 inque
734 939 856 966 omen
877 924 1073 967 Iuturnae
1097 940 1308 967 occurrere
1331 926 1461 968 iussit.

360 986 430 1027 illa
452 986 562 1027 volat
586 986 786 1039 celerique
810 986 863 1027 ad
886 991 1036 1027 terram
1059 986 1220 1028 turbine
1243 987 1383 1028 fertur.

359 1062 443 1090 non
466 1061 584 1089 secus
609 1061 657 1088 ac
680 1062 806 1089 nervo
828 1061 902 1101 per
923 1047 1076 1089 nubem
1098 1048 1260 1102 inpulsa
1284 1049 1444 1102 sagitta,

360 1114 557 1150 armatam
582 1108 694 1149 saevi
716 1107 894 1149 Parthus
919 1122 1043 1162 quam
1066 1108 1161 1149 felle
1184 1109 1343 1159 veneni,

359 1168 537 1210 Parthus
563 1169 648 1210 sive
674 1167 840 1222 Cydon,
866 1168 993 1209 telum
1017 1169 1323 1219 inmedicabile,
1348 1170 1476 1220 torsit,

362 1230 535 1271 stridens
561 1235 601 1271 et
624 1229 765 1271 celeris
789 1230 996 1285 incognita
1019 1230 1193 1271 transilit
1215 1230 1393 1279 umbras,

360 1291 452 1332 talis
478 1305 522 1332 se
547 1296 636 1332 sata
657 1290 787 1332 Nocte
811 1291 920 1339 tulit,
945 1296 1154 1344 terrasque
1177 1291 1332 1345 petivit.

359 1357 577 1407 postquam
601 1351 708 1392 acies
732 1351 843 1392 videt
865 1351 1013 1392 Iliacas
1037 1356 1158 1405 atque
1182 1351 1346 1407 agmina
1370 1351 1510 1402 Turni,

360 1412 466 1454 alitis
490 1412 534 1453 in
555 1426 706 1467 parvae
731 1411 909 1453 subitam
933 1412 1102 1454 collecta
1124 1412 1310 1468 figuram,

360 1487 464 1527 quae
488 1473 696 1526 quondam
718 1473 762 1513 in
784 1472 916 1514 bustis
941 1478 1012 1514 aut
1034 1473 1279 1516 culminibus
1303 1474 1472 1515 desertis

359 1539 478 1576 nocte
502 1534 648 1576 sedens
674 1548 810 1575 serum
833 1534 942 1575 canit
964 1534 1181 1590 inportuna
1202 1550 1275 1590 per
1297 1535 1476 1586 umbras,

360 1594 467 1637 hanc
489 1609 609 1636 versa
631 1595 674 1635 in
697 1595 846 1636 faciem
869 1595 999 1636 Turni
1023 1610 1067 1637 se
1089 1596 1217 1651 pestis
1242 1595 1295 1638 ob
1320 1610 1390 1638 ora

359 1656 520 1710 fertque
543 1655 748 1709 refertque
774 1670 943 1706 sonans,
969 1656 1225 1711 clipeumque
1249 1656 1459 1698 everberat
1489 1657 1576 1698 alis.

360 1716 419 1757 illi
441 1716 624 1758 membra
648 1731 781 1758 novus
807 1717 927 1758 solvit
950 1716 1165 1759 formidine
1189 1723 1338 1772 torpor,

361 1784 620 1831 arrectaeque
644 1777 808 1819 horrore
833 1792 972 1820 comae
997 1784 1038 1819 et
1059 1793 1143 1820 vox
1165 1778 1354 1820 faucibus
1378 1778 1521 1820 haesit.

361 1843 420 1887 at,
444 1837 587 1891 procul
610 1843 656 1878 ut
677 1838 806 1878 Dirae
832 1838 1045 1879 stridorem
1069 1839 1264 1894 adgnovit
1287 1844 1328 1880 et
1351 1838 1449 1888 alas,

361 1898 502 1938 infelix
526 1898 647 1939 crinis
673 1898 820 1939 scindit
842 1898 1013 1940 Iuturna
1037 1899 1204 1950 solutos,

361 1958 567 2013 unguibus
592 1973 663 1999 ora
686 1973 800 1999 soror
822 1958 993 2000 foedans
1018 1965 1058 2000 et
1080 1965 1247 2013 pectora
1267 1960 1438 2015 pugnis:

363 2019 487 2072 „quid
510 2032 619 2059 nunc
642 2023 681 2059 te
705 2024 793 2068 tua,
819 2018 976 2068 Turne,
1001 2024 1136 2073 potest
1159 2034 1353 2075 germana
1375 2020 1539 2062 iuvare?

361 2087 432 2120 aut
455 2079 553 2132 quid
575 2079 657 2120 iam
681 2079 805 2120 durae
830 2085 994 2133 superat
1017 2079 1141 2120 mihi?
1163 2094 1246 2133 qua
1268 2080 1342 2121 tibi
1364 2080 1499 2121 lucem

361 2145 446 2182 arte
469 2139 625 2181 morer?
648 2139 747 2180 talin
769 2154 939 2194 possum
962 2154 1028 2181 me
1052 2154 1255 2194 opponere
1279 2140 1483 2182 monstro?

360 2200 442 2241 iam
465 2201 547 2241 iam
569 2200 708 2253 linquo
734 2201 854 2241 acies.
879 2215 930 2241 ne
953 2215 1019 2241 me
1043 2206 1188 2242 terrete
1212 2201 1432 2250 timentem,

361 2261 561 2303 obscenae
584 2261 790 2311 volucres3
815 2261 971 2302 alarum
994 2261 1165 2302 verbera
1186 2275 1312 2303 nosco

360 2322 603 2376 letalemque
628 2337 790 2372 sonum,
815 2336 890 2363 nec
914 2322 1061 2363 fallunt
1083 2322 1196 2364 iussa
1220 2321 1396 2377 superba

361 2383 611 2438 magnanimi
632 2382 758 2424 Iovis.
782 2383 884 2424 haec
906 2397 980 2438 pro
1005 2383 1235 2438 virginitate
1258 2383 1440 2438 reponit?

361 2458 442 2497 quo
466 2444 592 2485 vitam
615 2444 727 2485 dedit
750 2444 981 2485 aeternam?
1005 2459 1076 2485 cur
1098 2444 1238 2486 mortis
1263 2444 1453 2499 adempta
1475 2448 1538 2485 est

364 2505 572 2546 condicio?
593 2519 760 2560 possem
782 2511 916 2546 tantos
940 2505 1055 2546 finire
1080 2505 1237 2546 dolores

361 2579 469 2606 nunc
494 2571 600 2607 certe
624 2571 664 2607 et
685 2566 833 2607 misero
858 2566 972 2606 fratri
996 2580 1131 2607 comes
1154 2565 1213 2607 ire
1235 2580 1308 2620 per
1330 2564 1506 2606 umbras,

361 2626 585 2667 inmortalis
610 2627 712 2682 ego?
735 2632 805 2669 aut
828 2627 1046 2680 quicquam
1068 2626 1168 2668 mihi
1191 2626 1308 2668 dulce
1330 2639 1513 2666 meorum

364 2692 403 2726 te
428 2686 532 2736 sine,
557 2686 698 2737 frater,
725 2687 823 2729 erit?
846 2702 870 2729 o
894 2702 997 2741 quae
1022 2687 1120 2729 satis
1145 2688 1227 2729 alta
1249 2687 1430 2728 dehiscat
