1748 3048
273 678 315 708 50

271 981 312 1010 55

270 1283 312 1313 60

271 1588 311 1618 65

270 1892 311 1921 70

271 2196 311 2225 75

270 2499 312 2529 80

343 311 394 352 16
740 320 781 354 Ρ.
800 318 1029 355 VERGILH
1047 317 1270 355 MARONIS

339 421 573 475 Pasiphaen
597 420 703 460 nivei
727 419 879 460 solatur
902 432 1038 459 amore
1061 419 1231 459 iuvenci.

342 482 436 532 „ah,
461 482 576 536 virgo
599 481 758 528 infelix,
783 494 887 532 quae
911 486 950 519 te
974 479 1175 520 dementia
1198 479 1321 533 cepit!

338 542 549 583 Proetides
573 541 790 594 implerunt
813 540 927 580 falsis
951 539 1174 594 mugitibus
1198 554 1336 594 agros:

338 610 380 643 at
402 617 484 643 non
506 608 590 642 tam
613 607 750 654 turpes
774 600 977 654 pecudum
999 606 1135 641 tamen
1158 600 1241 640 ulla
1265 606 1403 641 secuta
1426 607 1487 642 est

339 662 595 710 concubitus,
620 661 806 713 quamvis
831 660 934 702 collo
957 660 1159 701 timuisset
1181 667 1370 709 aratrum,

337 729 378 764 ct
401 736 522 776 saepe
544 722 588 762 in
610 722 690 762 levi
713 721 939 774 quaesisset
961 735 1112 762 cornua
1134 721 1276 761 fronte.

337 783 408 833 ah,
433 783 549 838 virgo
572 781 732 831 infelix,
758 787 803 822 tu
825 795 933 822 nunc
955 782 998 822 in
1020 781 1224 823 montibus
1249 796 1376 822 erras:

335 844 421 893 ille,
445 843 551 884 latus
575 842 739 883 niveum
762 842 874 883 molli
896 841 1023 883 fultus
1046 841 1275 896 hyacintho,

336 904 427 945 ilice
451 903 536 945 sub·
549 903 666 958 nigra
686 902 873 957 pallentis
895 902 1072 943 ruminat
1092 902 1252 951 herbas,

337 971 407 1006 aut
432 965 609 1018 aliquam
626 964 669 1004 in
687 977 836 1018 magno
862 963 1042 1016 sequitur
1063 977 1199 1018 grege.
1231 963 1416 1012 claudite,
1441 963 1666 1016 Nymphae,

335 1026 531 1067 Dictaeae
554 1024 786 1079 Nymphae,
810 1038 1021 1065 nemorum
1043 1024 1125 1064 iam
1149 1023 1323 1064 claudite
1347 1023 1487 1072 saltus,

337 1088 455 1141 siqua
478 1086 581 1127 forte
604 1086 737 1126 ferant
759 1085 886 1127 oculis
911 1099 1001 1126 sese
1025 1084 1145 1126 obvia
1167 1084 1315 1126 nostris

336 1147 563 1189 errabunda
585 1146 702 1188 bovis
726 1146 918 1201 vestigia;
942 1145 1112 1187 forsitan
1134 1146 1248 1186 illum

336 1215 406 1250 aut
428 1208 555 1250 herba
577 1214 740 1262 captum
764 1207 882 1248 viridi
905 1213 974 1248 aut
998 1213 1180 1248 armenta
1203 1213 1387 1248 secutum

335 1270 559 1324 perducant
582 1269 740 1322 aliquae
765 1268 923 1309 stabula
945 1268 998 1308 ad
1022 1266 1221 1322 Gortynia
1243 1270 1429 1308 vaccae.“

336 1338 423 1372 tum
447 1331 555 1371 canit
576 1329 853 1384 Hesperidum
875 1329 1060 1369 miratam
1084 1329 1191 1369 mala
1213 1328 1408 1382 puellam3

335 1398 423 1433 tum
446 1391 792 1433 Phaethontiadas
817 1404 958 1431 musco
982 1390 1204 1431 circumdat
1227 1403 1388 1430 amarae

336 1452 513 1502 corticis,
539 1458 660 1505 atque
685 1451 771 1492 solo
794 1464 983 1505 proceras
1007 1450 1126 1504 erigit
1147 1450 1275 1491 alnos.

336 1520 423 1554 tum
446 1513 571 1562 canit,
597 1517 797 1553 errantem
819 1509 1022 1552 Permessi
1034 1511 1086 1551 ad
1103 1510 1269 1551 flumina
1294 1508 1459 1551 Gallum

335 1573 479 1616 Aonas
502 1575 545 1615 in
567 1579 724 1615 montes
749 1578 794 1613 ut
816 1572 975 1613 duxerit
998 1586 1079 1612 una
1103 1586 1302 1612 sororum:

334 1641 460 1689 utque
482 1635 569 1676 viro
591 1634 751 1675 Phoebi
773 1633 919 1674 chorus
944 1632 1214 1673 adsurrexerit
1237 1632 1389 1673 omnis:

334 1702 380 1736 ut
402 1696 535 1736 Linus
558 1695 661 1736 haec
683 1694 740 1735 illi
763 1693 899 1734 divino
923 1692 1098 1734 carmine
1122 1698 1271 1747 pastor,

334 1756 500 1797 floribus
524 1762 645 1809 atque
669 1754 762 1809 apio
785 1753 906 1795 crinis
932 1759 1096 1794 ornatus
1121 1767 1273 1802 amaro,

335 1817 497 1858 dixerit:
524 1816 624 1867 „hos
648 1815 722 1856 tibi
744 1815 842 1856 dant
865 1815 1061 1864 calamos,
1087 1829 1139 1855 en
1161 1814 1318 1868 accipe,
1343 1813 1503 1862 Musae,

334 1877 518 1919 Ascraeo
542 1891 644 1930 quos
669 1881 761 1917 ante
786 1875 891 1924 seni,
916 1875 1064 1928 quibus
1087 1875 1154 1916 ille
1178 1874 1333 1916 solebat

336 1938 535 1979 cantando
557 1937 710 1991 rigidas
735 1936 934 1976 deducere
958 1935 1162 1976 montibus
1187 1949 1318 1976 ornos.

334 1998 398 2040 his
422 1997 496 2039 tibi
521 1995 677 2051 Grynei
699 1996 874 2037 nemoris
899 1996 1056 2037 dicatur
1078 1995 1204 2050 origo,

333 2073 385 2100 ne
408 2059 499 2112 quis
525 2058 577 2099 sit
599 2057 733 2106 lucus,
758 2070 839 2110 quo
863 2070 907 2098 se
929 2056 1022 2110 plus
1045 2056 1166 2097 iactet
1189 2054 1379 2109 Apollo.“

334 2119 434 2173 quid
455 2119 598 2172 loquar
620 2124 691 2159 aut
715 2116 896 2172 Scyllam
918 2117 1026 2167 Nisi,
1051 2131 1175 2170 quam
1197 2116 1308 2156 fama
1331 2122 1473 2157 secuta
1496 2124 1568 2162 est,

336 2180 508 2222 candida
531 2179 778 2221 succinctam
800 2177 1039 2219 latrantibus
1063 2177 1232 2232 inguina
1255 2176 1445 2217 monstris

334 2241 550 2282 Dulichias
574 2253 747 2281 vexasse
771 2244 897 2288 rates,
923 2244 964 2279 et
985 2238 1146 2293 gurgite
1168 2237 1212 2278 in
1234 2237 1315 2278 alto

335 2302 405 2344 ah1
429 2301 591 2343 timidos
615 2305 759 2341 nautas
784 2299 953 2341 canibus
976 2299 1177 2340 lacerasse
1200 2298 1385 2338 marinis:

335 2369 405 2405 aut
427 2369 472 2404 ut
494 2367 670 2404 mutatos
695 2361 792 2403 Teri
814 2361 1035 2403 narraverit
1057 2366 1180 2409 artus,

335 2439 436 2478 quas
461 2423 519 2464 illi
540 2422 768 2464 Philomela
790 2423 933 2477 dapes,
959 2436 1064 2476 quae
1087 2421 1195 2462 dona
1217 2420 1378 2475 pararit,

336 2499 417 2538 quo
441 2499 563 2525 cursu
587 2484 746 2525 deserta
767 2484 972 2538 petiverit,
998 2489 1039 2524 et
1061 2481 1209 2536 quibus
1233 2487 1325 2522 ante

335 2546 477 2587 infelix
501 2560 575 2587 sua
598 2550 704 2586 tecta
728 2544 1077 2599 supervolitaverit
1099 2543 1198 2584 alis?

336 2606 471 2647 omnia
494 2620 616 2659 quae,
640 2605 810 2647 Phoebo
833 2606 1038 2659 quondam
1060 2604 1296 2651 meditante,
1323 2601 1464 2642 beatus

337 2666 463 2706 audiit
484 2666 680 2716 Eurotas,
705 2666 903 2720 iussitque
927 2666 1106 2707 ediscere
1127 2664 1277 2712 laurus,

337 2726 402 2768 ille
427 2726 550 2775 canit,
575 2726 716 2780 pulsae
739 2726 919 2768 referunt
942 2726 995 2767 ad
1018 2725 1150 2766 sidera
1171 2723 1312 2774 valles,
