1800 3106
572 269 833 309 AENEIDOS
857 269 957 306 LIB.
970 268 1097 307 VIIII.

150 388 191 426 at
213 381 441 437 Messapus
472 392 627 434 equum
650 376 847 449 domitor,
878 373 1089 431 Neptunia
1111 371 1262 428 proles,

150 443 345 488 rescindit
370 442 526 485 vallum
550 447 592 483 et
616 439 787 484 scalas
775 455 820 481 ιιι
842 437 1008 480 moenia
1029 436 1177 493 poscit.

205 506 317 557 Vos,
343 521 368 548 o
394 504 604 560 Calliope,
628 517 795 560 precor,
821 500 1033 556 adspirate
1057 497 1235 548 canenti,

149 585 254 625 quas
277 569 336 611 ibi
360 575 459 610 tunc
482 567 592 609 ferro
618 572 800 622 strages,
826 578 933 619 quae
957 562 1106 604 funera
1130 560 1299 602 Turnus

150 631 342 682 ediderit,
368 645 495 686 quem
519 629 696 684 quisque
720 627 857 670 virum
881 623 1094 668 demiserit
1120 621 1247 673 Orco,

151 701 192 738 et
215 708 380 736 mecum
404 691 586 749 ingentis
611 706 705 733 oras
731 689 909 732 evolvite
932 687 1044 730 belli.

209 756 356 799 Turris
381 761 469 797 erat
492 759 612 796 vasto
637 757 835 808 suspectu
860 756 901 793 et
923 748 1121 806 pontibus
1146 747 1255 798 altis,

153 825 386 876 opportuna
408 816 520 867 loco,
547 815 721 858 summis
747 829 874 869 quam
897 811 1056 854 viribus
1082 826 1228 853 omnes

153 893 393 938 expugnare
417 878 514 921 Itali
538 891 785 932 summaque
809 881 994 918 evertere
1018 889 1146 930 opum
1170 873 1213 915 vi

154 942 384 993 certabant,
410 940 543 983 Troes
568 946 711 982 contra
734 938 959 981 defendere
984 937 1098 980 saxis

152 1019 308 1062 perque
333 1019 458 1046 cavas
483 1003 603 1045 densi
627 1002 710 1044 tela
732 1002 969 1056 intorquere
994 1000 1212 1042 fenestras.

152 1068 345 1126 princeps
369 1066 582 1109 ardentem
607 1065 783 1107 coniecit
805 1063 1002 1119 lampada
1026 1062 1196 1103 Turnus

154 1137 196 1174 et
218 1130 431 1172 flammam
454 1128 600 1170 adfixit
621 1126 758 1177 lateri,
784 1141 892 1181 quae
915 1125 1095 1182 plurima
1118 1131 1243 1166 vento

155 1192 353 1249 corripuit
375 1190 540 1234 tabulas
565 1196 606 1232 et
628 1189 819 1246 postibus
844 1188 980 1231 haesit
1003 1187 1156 1230 adesis.

155 1254 311 1298 turbati
333 1253 539 1309 trepidare
563 1252 695 1303 intus,
720 1252 958 1306 frustraque
981 1249 1187 1292 malorum

157 1317 264 1360 velle
287 1316 446 1373 fugam.
472 1315 573 1357 dum
597 1329 643 1357 se
666 1314 901 1371 glomerant
923 1319 1117 1367 retroque
1139 1311 1330 1354 residunt

157 1380 201 1422 in
223 1385 402 1436 partem,
427 1392 536 1433 quae
559 1382 678 1433 peste
701 1382 832 1427 caret,
858 1383 948 1417 tum
969 1375 1154 1431 pondere
1178 1374 1302 1416 turris

157 1440 379 1499 procubuit
403 1439 541 1483 subito
567 1444 609 1481 et
631 1438 794 1482 caelum
817 1444 934 1480 tonat
957 1452 1080 1480 omne
1104 1437 1284 1493 fragore.

160 1504 388 1548 semineces
413 1503 467 1545 ad
491 1509 662 1552 terram,
687 1501 846 1543 inmani
869 1499 978 1542 mole
1003 1506 1160 1551 secuta,

159 1565 393 1621 confixique
419 1565 506 1608 suis
531 1564 624 1606 telis
649 1570 691 1606 et
713 1570 884 1619 pectora
908 1563 1012 1604 duro

159 1629 379 1672 transfossi
402 1628 517 1685 ligno
541 1627 725 1670 veniunt.
751 1627 823 1668 vix
846 1641 955 1668 unus
980 1625 1169 1668 Helenor

160 1699 202 1734 ct
224 1692 371 1747 Lycus
396 1690 547 1746 elapsi3
571 1704 749 1745 quorum
771 1689 1010 1745 primaevus
1035 1688 1235 1738 Helenor,

160 1753 359 1796 Maeonio
382 1753 473 1809 regi
497 1767 623 1806 quem
649 1767 770 1794 serva
792 1750 1018 1807 Licymnia
1041 1750 1185 1792 furtim

162 1815 386 1859 sustulerat
409 1815 631 1869 vetitisque
655 1814 710 1856 ad
734 1813 905 1856 Troiam
930 1813 1100 1855 miserat
1124 1811 1264 1862 armis,

162 1893 261 1921 ense
285 1878 390 1920 levis
414 1878 527 1919 nudo
551 1891 779 1933 parmaque
803 1876 1005 1932 inglorius
1031 1874 1138 1917 alba.

162 1941 281 1996 isque
307 1940 378 1982 ubi
402 1955 447 1982 se
472 1939 604 1981 Turni
628 1939 767 1981 media
789 1939 897 1981 inter
919 1938 1034 1980 milia
1057 1937 1174 1987 vidit,

162 2004 259 2046 hinc
283 2003 393 2046 acies
418 2009 542 2058 atque
566 2002 662 2044 hinc
687 2002 797 2044 acies
822 2002 986 2044 adstare
1010 2000 1204 2051 Latinas,

162 2072 209 2108 ut
231 2066 321 2108 fera
328 2098 339 2117 ,
365 2080 472 2121 quae
496 2065 627 2107 densa
650 2070 875 2107 venantum
901 2069 1046 2120 saepta
1070 2077 1223 2105 corona

163 2134 306 2171 contra
328 2128 411 2170 tela
435 2127 552 2178 furit,
573 2142 755 2182 seseque
778 2127 893 2169 haud
915 2126 1059 2169 nescia
1082 2125 1206 2168 morti

163 2190 278 2233 inicit
303 2196 344 2232 et
368 2189 477 2232 saltu
500 2205 627 2245 supra
648 2188 857 2231 venabula
880 2188 1024 2239 fertur,

164 2252 278 2294 haud
302 2251 420 2294 aliter
441 2252 603 2293 iuvenis
629 2251 788 2293 medios
812 2251 1037 2292 moriturus
1061 2250 1106 2291 in
1128 2249 1262 2291 hostis

165 2314 292 2356 inruit
317 2319 358 2355 et
380 2328 464 2368 qua
486 2313 569 2356 tela
593 2314 706 2355 videt.
729 2313 979 2355 densissima
1003 2312 1147 2354 tendit.

168 2382 210 2419 at
232 2375 410 2433 pedibus
434 2375 559 2432 longe
582 2375 728 2417 melior
750 2375 898 2430 Lycus
921 2374 1030 2416 inter
1054 2380 1095 2416 et
1118 2373 1251 2415 hostis

168 2442 274 2483 inter
298 2446 339 2483 et
362 2455 477 2483 arma
500 2440 604 2496 fuga
626 2453 767 2481 muros
792 2444 922 2488 tenet,
947 2438 1114 2492 altaque
1139 2442 1267 2478 certat

169 2503 369 2560 prendere
393 2508 503 2545 tecta
525 2517 653 2544 manu
678 2501 920 2555 sociumque
944 2500 1148 2556 attingere
1172 2499 1354 2540 dextras.

170 2580 294 2620 quem
319 2565 506 2615 Turnus,
531 2564 685 2620 pariter
708 2578 834 2606 cursu
858 2562 1022 2617 teloque
1048 2567 1230 2611 secutus,

170 2627 354 2684 increpat
376 2627 442 2670 his
466 2627 616 2669 victor:
644 2632 888 2678 „nostrasne
913 2624 1109 2675 evadere,
1135 2624 1320 2675 demens,

172 2690 347 2745 sperasti
370 2696 411 2732 te
434 2704 560 2746 posse
584 2688 788 2730 manus?“
816 2687 939 2730 simul
963 2687 1104 2742 arripit
1126 2686 1266 2741 ipsum

172 2752 420 2807 pendentem
443 2757 485 2795 et
508 2766 662 2807 magna
685 2750 792 2792 muri
817 2764 912 2793 cum
935 2754 1051 2805 parte
1075 2748 1247 2799 revellit,

1550 632 1616 664 525

1554 944 1620 976 530

1556 1260 1622 1291 535

1559 1573 1626 1604 540

1561 1886 1626 1917 545

1564 2197 1630 2228 550

1563 2507 1629 2538 555
