1794 3042
247 462 249 464 '
296 459 359 489 265

294 760 358 790 270

293 1365 357 1396 280

291 1667 355 1698 285

291 1968 356 1999 290

291 2272 355 2303 295

290 2575 355 2606 300

384 277 439 318 50
783 283 825 317 P.
844 281 1075 318 VERGILII
1093 280 1317 318 MARONIS

384 392 424 427 et
445 384 648 427 labefacta
670 397 838 424 movens
861 381 1054 423 robustus
1078 382 1221 436 iugera
1243 381 1388 423 fossor.

384 461 431 487 ac
455 446 491 487 si
513 459 615 498 quos
639 443 750 484 haud
772 442 855 484 ulla
877 442 986 483 viros
1010 442 1221 497 vigilantia
1243 442 1362 497 fugit,

383 512 476 547 ante
498 505 633 546 locum
657 503 829 545 similem
853 502 1090 556 exquirunt,
1115 502 1186 544 ubi
1208 503 1340 557 prima
1361 515 1524 557 paretur

382 565 592 607 arboribus
617 578 736 619 seges
761 569 801 604 et
824 577 905 616 quo
928 577 1025 604 mox
1049 563 1209 618 digesta
1231 562 1395 612 feratur,

381 631 579 666 mutatam
602 624 788 680 ignorent
813 623 947 665 subito
969 627 1021 664 ne
1046 623 1201 664 semina
1223 629 1406 664 matrem.

381 686 480 740 quin
503 686 624 727 etiam
648 685 748 727 caeli
770 685 978 740 regionem
1001 684 1043 725 in
1067 684 1214 726 cortice
1238 683 1412 739 signant,

382 753 444 796 ut,
469 760 550 799 quo
574 760 759 799 quaeque
783 745 904 786 modo
929 745 1101 794 steterit,
1126 758 1208 798 qua
1230 751 1344 799 parte
1368 745 1523 786 calores

381 807 583 848 austrinos
608 806 761 855 tulerit,
786 820 891 859 quae
915 811 1030 861 terga
1053 805 1271 847 obverterit
1293 805 1373 855 axi,

380 868 612 918 restituant3
637 868 739 908 adeo
762 867 805 907 in
828 867 976 907 teneris
1001 880 1266 907 consuescere
1289 866 1463 907 multum
1486 874 1559 906 est.

382 928 552 969 collibus
577 943 630 969 an
651 928 773 982 plano
796 928 941 968 melius
967 927 1020 968 sit
1042 941 1194 981 ponere
1216 927 1355 976 vitem,

381 1003 530 1042 quaere
553 988 679 1043 prius.
706 988 741 1030 si
762 988 927 1043 pinguis
952 1003 1073 1043 agros
1097 986 1301 1028 metabere
1325 988 1470 1041 campi,

381 1050 509 1090 densa
533 1063 620 1090 sere
628 1065 639 1099 3
663 1049 706 1090 in
729 1049 856 1090 denso
880 1063 962 1089 non
987 1048 1148 1103 segnior
1171 1047 1295 1088 ubere
1318 1047 1507 1088 Bacchus
1526 1062 1536 1095 ;

382 1110 447 1151 sin
470 1110 635 1151 tumulis
660 1109 816 1151 adclive
842 1109 974 1150 solum
998 1109 1192 1162 collisque
1218 1108 1398 1162 supinos,

380 1170 546 1225 indulge
571 1169 798 1219 ordinibus,
822 1183 899 1210 nec
930 1169 1055 1211 setius
1081 1168 1211 1210 omnis
1235 1168 1278 1209 in
1301 1184 1478 1224 unguem

381 1232 592 1273 arboribus
615 1231 759 1286 positis
785 1237 895 1272 secto
918 1230 985 1271 via
1006 1230 1134 1271 limite
1157 1230 1338 1283 quadret.

380 1298 426 1333 ut
449 1306 570 1346 saepe
593 1291 749 1347 ingenti
771 1291 879 1332 bello
903 1305 996 1332 cum
1019 1291 1142 1345 longa
1166 1290 1350 1331 cohortes

381 1353 574 1407 explicuit
595 1353 703 1408 legio
727 1358 767 1393 et
791 1366 935 1406 campo
959 1351 1069 1393 stetit
1092 1365 1241 1407 agmen
1264 1345 1435 1405 apertos

380 1414 636 1466 directaeque
660 1413 786 1462 acies,
812 1427 859 1453 ac
881 1412 962 1453 late
985 1412 1154 1452 fluctuat
1176 1412 1307 1453 omnis

380 1488 472 1515 aere
495 1473 694 1514 renidenti
717 1473 857 1523 tellus,
880 1487 957 1514 nec
979 1473 1078 1513 dum
1100 1472 1264 1514 horrida
1285 1473 1458 1514 miscent

378 1534 550 1589 proelia,
577 1534 650 1574 sed
673 1533 822 1574 dubius
846 1533 990 1574 mediis
1014 1532 1131 1574 Mars
1155 1538 1261 1574 errat
1282 1533 1325 1573 in
1347 1533 1488 1574 armis:

379 1594 516 1635 omnia
539 1594 620 1635 sint
641 1593 807 1648 paribus
831 1593 1009 1635 numeris
1034 1594 1219 1634 dimensa
1240 1593 1416 1643 viarum3

378 1669 461 1695 non
484 1654 665 1695 animum
688 1655 809 1696 modo
832 1655 893 1695 uti
914 1660 1057 1709 pascat
1078 1659 1318 1709 prospectus
1341 1655 1516 1704 inanem,

379 1715 453 1756 sed
475 1715 571 1768 quia
594 1730 676 1757 non
699 1715 815 1756 aliter
837 1715 933 1756 viris
958 1715 1070 1756 dabit
1093 1714 1280 1756 omnibus
1305 1729 1456 1768 aequas

379 1782 503 1825 terra,
528 1790 661 1829 neque
684 1776 727 1817 in
749 1791 925 1817 vacuum
947 1781 1137 1831 poterunt
1161 1790 1204 1816 se
1229 1776 1445 1816 extendere
1468 1775 1583 1816 rami.

433 1835 626 1876 Forsitan
649 1842 689 1877 et
713 1836 925 1878 scrobibus
950 1850 1055 1889 quae
1079 1836 1160 1877 sint
1182 1836 1348 1891 fastigia
1371 1850 1555 1890 quaeras.

379 1896 512 1937 ausim
534 1896 599 1937 vel
623 1897 734 1937 tenui
756 1897 882 1937 vitem
905 1896 1155 1938 committere
1179 1897 1305 1946 sulco,

379 1955 497 1997 altior
519 1971 567 1997 ac
589 1957 751 2010 penitus
776 1962 906 1998 terrae
929 1957 1120 2012 defigitur
1143 1956 1282 2007 arbos3

379 2017 566 2058 aesculus
590 2017 632 2057 in
654 2017 814 2072 primis,
839 2031 944 2071 quae
967 2023 1164 2071 quantum
1186 2017 1336 2058 vertice
1360 2018 1413 2058 ad
1436 2032 1554 2058 auras

379 2077 597 2127 aetherias,
622 2083 780 2119 tantum
802 2078 938 2120 radice
960 2078 1004 2118 in
1027 2077 1197 2119 Tartara
1220 2078 1359 2119 tendit.

379 2152 476 2193 ergo
499 2152 583 2179 non
605 2138 759 2180 hiemes
783 2139 913 2188 illam,
939 2153 1022 2180 non
1044 2138 1172 2180 flabra
1193 2153 1325 2192 neque
1348 2138 1499 2180 imbres

379 2198 611 2240 convellunt
618 2214 630 2248 3
653 2199 809 2240 inmota
831 2204 986 2249 manet,
1011 2199 1243 2252 multosque
1265 2204 1448 2253 nepotes,

378 2259 507 2300 multa
529 2259 663 2300 virum
685 2259 856 2310 volvens
880 2259 1063 2301 durando
1088 2259 1251 2300 saecula
1273 2259 1409 2300 vincit.

378 2326 465 2360 tum
489 2319 605 2361 fortis
630 2319 711 2361 late
733 2334 870 2362 ramos
895 2326 936 2362 et
957 2319 1124 2362 brachia
1146 2319 1317 2360 tendens

377 2380 459 2421 huc
481 2379 576 2420 illuc
600 2380 735 2421 media
757 2381 848 2435 ipsa
870 2381 1078 2437 ingentem
1102 2380 1276 2422 sustinet
1298 2379 1496 2422 umbram.

431 2441 546 2482 Neve
570 2440 643 2482 tibi
666 2441 719 2482 ad
742 2442 871 2484 solem
893 2447 1064 2498 vergant
1085 2441 1223 2483 vineta
1246 2442 1470 2490 cadentem,

377 2515 480 2542 neve
503 2501 607 2542 inter
629 2501 732 2543 vites
757 2503 941 2558 corylum
965 2516 1052 2544 sere
1059 2533 1071 2552 ‚
1095 2516 1198 2543 neve
1221 2502 1383 2557 flagella

379 2577 538 2603 summa
559 2568 653 2616 pete
677 2569 747 2604 aut
770 2579 930 2605 summa
953 2563 1137 2618 defringe
1161 2577 1213 2604 ex
1235 2562 1377 2603 arbore
1399 2561 1578 2616 plantas3

378 2628 515 2663 tantus
539 2637 654 2664 amor
676 2629 824 2675 terrae3
848 2639 929 2666 neu
952 2624 1059 2666 ferro
1081 2623 1197 2665 laede
1220 2628 1385 2664 retunso

379 2682 551 2731 semina,
575 2696 679 2724 neve
703 2684 793 2726 olea
817 2685 1011 2727 silvestris
1034 2685 1168 2726 insere
1196 2689 1372 2724 truncos.
