1820 3054
352 237 434 280 342
752 242 795 276 P.
818 238 1045 276 VERGILII
1063 237 1287 274 MARONIS

349 348 417 389 hic
440 350 623 393 steterat,
649 341 784 384 nautis
809 339 906 381 olim
929 337 1161 380 venerabile
1184 338 1355 393 lignum,

351 406 499 449 servati
522 419 575 446 ex
596 403 717 444 undis
740 401 813 443 ubi
835 401 961 455 figere
985 399 1093 440 dona
1117 398 1303 440 solebant

349 465 549 509 Laurenti
571 464 666 505 divo
691 468 732 504 et
754 468 872 503 votas
898 461 1149 515 suspendere
1172 466 1328 510 vestes3

264 542 327 572 770
351 527 425 569 sed
448 525 615 580 stirpem
639 522 789 565 Teucri
812 521 924 563 nullo
948 521 1180 562 discrimine
1205 535 1366 562 sacrum

351 586 616 635 sustulerant,
640 598 743 639 puro
767 589 813 624 ut
834 588 1005 638 possent
1027 596 1266 624 concurrere
1291 596 1448 637 campo.

349 648 416 688 hic
438 647 558 687 hasta
579 644 749 687 Aeneae
774 644 926 694 stabat3
950 643 1031 685 huc
1054 643 1230 698 impetus
1254 643 1366 684 illam

350 706 566 756 detulerat,
590 706 717 747 fixam
739 705 850 746 lenta
872 705 1009 746 radice
1033 704 1210 746 tenebat.

349 766 534 809 incubuit
557 766 765 820 voluitque
788 780 914 807 manu
937 765 1163 807 convellere
1187 765 1339 807 ferrum

263 842 326 873 775
349 827 630 878 Dardanides,
655 827 817 881 teloque
842 827 975 881 sequi,
1001 841 1122 881 quem
1145 827 1343 882 prendere
1369 840 1492 868 cursu

349 904 434 931 non
454 894 625 944 poterat.
651 894 739 930 tum
762 903 859 930 vero
882 903 1023 930 amens
1048 888 1265 930 formidine
1290 887 1457 929 Turnus

353 950 540 1002 „Faune,
564 964 726 1006 precor,
750 950 943 992 miserere
949 952 989 1000 ,“
1014 949 1145 1003 inquit
1170 955 1322 1003 „tuque
1346 949 1500 1004 optima
1522 948 1674 989 ferrum

352 1011 482 1053 Terra
504 1017 615 1061 tene,
640 1011 748 1053 colui
769 1016 928 1052 vestros
954 1010 990 1051 si
1013 1024 1174 1064 semper
1195 1010 1383 1059 honores,

353 1086 456 1125 quos
481 1077 621 1114 contra
643 1070 867 1113 Aeneadae
890 1070 998 1112 bello
1021 1070 1156 1112 fecere
1178 1070 1417 1125 profanos.“

266 1146 329 1177 ⁷80
353 1132 472 1182 dixit,
499 1147 700 1188 opemque
724 1133 791 1174 dei
813 1147 896 1174 non
919 1147 1038 1174 cassa
1060 1132 1105 1173 in
1126 1138 1223 1173 vota
1245 1131 1418 1172 vocavit.

352 1208 529 1247 namque
554 1194 625 1234 diu
646 1194 806 1235 luctans
829 1193 1022 1246 lentoque
1046 1193 1090 1234 in
1113 1193 1237 1247 stirpe
1260 1198 1442 1233 moratus

353 1253 507 1296 viribus
531 1254 643 1295 haud
665 1254 758 1295 ullis
783 1254 911 1295 valuit
934 1253 1163 1295 discludere
1186 1267 1348 1294 morsus

353 1314 510 1356 roboris
534 1315 714 1356 Aeneas.
740 1315 839 1355 dum
862 1314 1004 1355 nititur
1026 1328 1122 1355 acer
1145 1319 1186 1354 et
1207 1313 1345 1362 instat,

352 1388 494 1416 rursus
517 1374 561 1415 in
585 1375 752 1431 aurigae
775 1375 924 1416 faciem
946 1379 1104 1415 mutata
1126 1373 1294 1414 Metisci

267 1448 329 1479 785
352 1435 552 1490 procurrit
574 1435 770 1489 fratrique
794 1450 935 1476 ensem
959 1435 1036 1476 dea
1058 1434 1226 1476 Daunia
1248 1434 1393 1476 reddit.

354 1496 465 1550 quod
487 1495 630 1538 Venus
655 1496 801 1537 audaci
823 1496 1040 1551 Nymphae
1063 1496 1275 1552 indignata
1296 1496 1418 1537 licere

354 1557 544 1607 accessit,
572 1557 779 1611 telumque
803 1556 885 1598 alta
908 1556 960 1598 ab
984 1557 1122 1598 radice
1144 1556 1314 1598 revellit.

355 1617 425 1658 olli
448 1617 663 1668 sublimes,
689 1618 812 1659 armis
837 1617 1066 1672 animmque
1088 1617 1243 1667 refecti,

354 1677 421 1719 hic
444 1678 582 1733 gladio
605 1679 755 1730 fidens,
780 1679 847 1720 hic
871 1693 964 1721 acer
987 1684 1027 1720 et
1051 1679 1205 1721 arduus
1228 1679 1360 1728 hasta,

269 1751 332 1782 790
356 1739 560 1781 adsistunt
584 1746 725 1781 contra
746 1740 970 1781 certamina
991 1739 1142 1781 Martis
1168 1739 1316 1781 anheli.

410 1799 613 1842 Iunonem
635 1801 790 1842 interea
812 1816 885 1842 rex
908 1801 1196 1856 omnipotentis
1223 1799 1395 1856 Olympi

356 1860 606 1914 adloquitur,
631 1861 746 1902 fulva
767 1875 929 1916 pugnas
954 1861 1006 1902 de
1028 1861 1138 1903 nube
1162 1867 1361 1903 tuentem:

359 1934 489 1974 „quae
512 1921 595 1962 iam
618 1921 710 1963 finis
735 1921 827 1971 erit,
853 1921 1055 1963 coniunx?
1077 1922 1177 1976 quid
1199 1922 1374 1976 denique
1397 1922 1548 1964 restat?

355 1981 579 2036 indigetem
601 1981 776 2023 Aenean
800 1982 880 2023 scis
904 1982 996 2037 ipsa
1018 1987 1060 2023 et
1083 1983 1186 2024 scire
1210 1983 1350 2024 fateris

269 2055 333 2086 795
357 2041 497 2083 deberi
519 2042 651 2092 caelo,
676 2042 854 2096 satisque
878 2043 933 2084 ad
956 2042 1090 2084 sidera
1113 2043 1211 2084 tolli.

357 2102 456 2156 quid
479 2103 628 2145 struis?
650 2109 722 2145 aut
744 2118 826 2157 qua
849 2117 923 2159 spe
946 2103 1093 2159 gelidis
1117 2104 1161 2145 in
1182 2103 1361 2146 nubibus
1384 2104 1554 2146 haeres?

357 2163 547 2205 mortalin
569 2164 706 2206 decuit
728 2164 872 2206 violari
893 2165 1059 2206 volnere
1082 2165 1248 2206 divum?

358 2230 429 2266 aut
452 2239 592 2267 ensem
615 2250 671 2256 —-
694 2225 794 2279 quid
817 2225 927 2267 enim
951 2225 1038 2268 sine
1062 2231 1102 2267 te
1125 2226 1298 2267 Iuturna
1320 2226 1496 2268 valeret?
1519 2251 1574 2257 --

360 2290 544 2340 ereptum
566 2286 682 2327 reddi
705 2286 848 2328 Turno
873 2292 914 2328 et
936 2286 1022 2328 vim
1045 2301 1227 2329 crescere
1250 2287 1393 2328 victis?

270 2358 336 2390 800
359 2345 500 2388 desine
523 2346 606 2388 iam
629 2347 813 2398 tandem,
837 2347 1110 2402 precibusque
1133 2348 1337 2390 inflectere
1360 2348 1511 2390 nostris
1519 2364 1531 2399 3

359 2420 412 2448 ne
434 2413 475 2448 te
498 2412 635 2450 tantus
659 2408 755 2450 edat
777 2409 943 2451 tacitam
966 2409 1099 2459 dolor,
1125 2415 1166 2451 et
1188 2409 1288 2450 mihi
1312 2424 1432 2451 curae

361 2482 484 2523 saepe
507 2474 577 2511 tuo
600 2469 711 2511 dulci
733 2469 870 2512 tristes
894 2485 947 2512 ex
970 2485 1039 2512 ore
1062 2476 1283 2512 recursent.

360 2534 528 2571 ventum
550 2530 605 2572 ad
628 2545 865 2585 supremum
887 2537 961 2573 est.
986 2531 1102 2574 terris
1127 2531 1281 2588 agitare
1305 2531 1371 2573 vel
1394 2531 1512 2572 undis

363 2587 563 2632 Troianos
586 2591 774 2646 potuisti,
798 2591 1013 2633 infandum
1037 2593 1259 2634 accendere
1282 2592 1446 2642 bellum,

274 2660 339 2691 805
362 2649 590 2693 deformare
614 2652 780 2694 domum
805 2659 845 2694 et
866 2653 979 2695 luctu
1002 2653 1172 2695 miscere
1195 2653 1460 2708 hymenaeos:
