1774 3068
531 256 832 295 GEORGICON
850 258 949 294 LIB.
968 258 1034 296 1V.

95 366 198 408 dixit
223 371 264 408 et
287 379 340 407 ex
365 363 495 407 oculis
521 362 679 416 subito,
712 377 790 405 ceu
813 362 955 405 fumus
980 363 1023 405 in
1047 379 1170 406 auras

96 428 344 471 commixtus
370 433 538 476 tenues,
563 425 674 482 fugit
697 425 882 477 diversa,
907 440 1043 481 neque
1066 426 1198 477 illum,

94 496 361 548 prensantem
384 489 638 544 nequiquam
661 487 831 530 umbras
857 495 898 530 et
921 488 1052 531 multa
1075 489 1284 531 volentem

95 554 251 603 dicere,
276 558 493 608 praeterea
516 551 619 592 vidit
627 567 639 602 ;
664 565 742 592 nec
764 551 939 607 portitor
964 549 1067 594 Orci

95 615 274 671 amplius
299 614 504 656 obiectam
528 628 680 669 passus
705 613 879 655 transire
902 613 1112 669 paludem.

95 678 197 733 quid
220 676 401 719 faceret?
424 690 508 730 quo
534 690 578 717 se
602 681 722 731 rapta
744 675 810 718 bis
835 676 1011 733 coniuge
1036 676 1188 719 ferret?

95 755 200 795 quos
225 740 326 782 fletu
349 753 513 787 manes,
539 753 647 792 quae
672 738 844 780 numina
867 753 971 781 voce
994 741 1206 782 moveret?

95 803 166 844 illa
189 802 358 857 quidem
384 799 535 856 Stygia
558 799 686 842 nabat
708 801 792 841 iam
817 800 971 856 frigida
994 802 1158 844 cumba.

96 872 255 921 septem
278 864 396 906 illum
419 869 529 905 totos
553 862 772 918 perhibent
796 878 850 905 ex
873 865 1016 906 ordine
1041 880 1207 908 menses

94 942 198 983 rupe
223 926 302 968 sub
328 925 440 968 aeria
465 925 618 967 deserti
648 926 703 966 ad
729 924 964 981 Strymonis
991 928 1146 969 undam

94 989 260 1032 flevisse
284 995 326 1030 et
348 987 498 1045 gelidis
521 987 627 1030 haec
651 988 857 1030 evolvisse
883 988 961 1031 sub
987 990 1128 1040 antris,

94 1052 345 1094 mulcentem
370 1051 488 1108 tigris
514 1056 555 1093 et
578 1057 773 1108 agentem
798 1052 979 1094 carmine
1005 1067 1199 1107 quercus,

94 1115 228 1170 qualis
251 1114 432 1170 populea
454 1128 644 1156 maerens
668 1113 895 1170 philomela
919 1114 997 1157 sub
1023 1115 1171 1157 umbra

95 1177 272 1220 amissos
296 1176 482 1231 queritur
505 1176 635 1227 setus3
661 1190 766 1231 quos
792 1177 921 1219 durus
947 1183 1085 1219 arator

95 1240 323 1283 observans
347 1240 446 1281 nido
469 1239 666 1295 inplumis
692 1239 869 1282 detraxit
876 1257 888 1291 ;
914 1245 955 1282 at
980 1240 1051 1282 illa

94 1303 165 1345 flet
189 1309 355 1345 noctem
378 1317 578 1356 ramoque
603 1302 753 1345 sedens
778 1302 1014 1345 miserabile
1040 1318 1209 1346 carmen

95 1367 275 1422 integrat
298 1370 340 1406 et
362 1364 532 1407 maestis
556 1365 639 1406 late
662 1364 756 1407 loca
779 1365 996 1419 questibus
1020 1365 1163 1421 inplet.

95 1427 210 1469 nulla
232 1426 399 1478 Venus,
424 1441 509 1469 non
531 1427 606 1469 ulli
635 1427 822 1469 animum
845 1427 997 1469 flexere
1021 1428 1260 1483 hymenaei:

98 1490 210 1533 solus
235 1489 533 1545 Hyperboreas
558 1489 714 1546 glacies
740 1490 1001 1544 Tanaimque
1025 1484 1208 1532 nivalem

96 1568 278 1609 arvaque
302 1553 533 1609 Rhiphaeis
558 1569 787 1608 numquam
811 1553 982 1595 viduata
1005 1553 1164 1609 pruinis

95 1616 316 1666 lustrabat,
341 1622 503 1672 raptam
526 1615 771 1672 Eurydicen
795 1622 919 1671 atque
943 1616 1067 1657 inrita
1090 1615 1205 1658 Ditis

97 1680 208 1722 dona
230 1693 409 1734 querens
417 1695 429 1730 3
456 1685 620 1734 spretae
646 1677 853 1721 Ciconum
878 1693 962 1733 quo
986 1693 1158 1720 munere
1183 1685 1336 1721 matres

96 1742 203 1784 inter
227 1756 345 1783 sacra
368 1741 494 1783 deum
518 1742 792 1796 nocturnique
816 1742 934 1798 orgia
957 1742 1116 1784 Bacchi

97 1805 352 1859 discerptum
375 1803 481 1845 latos
505 1803 699 1846 iuvenem
724 1818 913 1859 sparsere
936 1819 1012 1860 per
1035 1819 1172 1860 agros.

99 1875 187 1908 tum
211 1880 378 1920 quoque
402 1880 634 1908 marmorea
658 1873 782 1922 caput
807 1882 833 1908 a
857 1867 1017 1908 cervice
1040 1866 1252 1908 revolsum

97 1929 262 1986 gurgite
287 1943 382 1970 cum
406 1929 543 1970 medio
567 1935 737 1984 portans
765 1927 975 1986 Oeagrius
1000 1929 1172 1971 Hebrus

98 1992 302 2042 volveret,
327 1991 568 2046 Eurydicen
596 2006 681 2033 vox
703 1992 797 2047 ipsa
820 1997 861 2033 et
884 1991 1038 2048 frigida
1060 1991 1217 2047 lingua,

100 2054 154 2096 ah
175 2054 370 2096 miseram
393 2053 655 2110 Eurydicen!
681 2055 820 2096 anima
843 2054 1031 2111 fugiente
1056 2053 1252 2096 vocabat:

99 2116 339 2172 Eurydicen
362 2122 448 2159 toto
471 2116 707 2159 referebant
731 2117 900 2159 flumine
924 2117 1080 2173 ripae.“

160 2178 279 2221 Haec
302 2178 501 2230 Proteus,
529 2186 570 2221 et
595 2194 639 2221 se
663 2180 775 2221 iactu
800 2180 914 2221 dedit
938 2195 1094 2234 aequor
1115 2179 1160 2221 in
1184 2179 1326 2228 altum,

101 2255 265 2296 quaque
290 2241 421 2291 dedit,
448 2248 711 2296 spumantem
733 2242 890 2283 undam
915 2242 994 2284 sub
1019 2242 1172 2284 vertice
1196 2242 1327 2283 torsit.

157 2301 218 2344 At
241 2317 325 2344 non
351 2301 539 2358 Cyrene:
565 2318 745 2358 namque
769 2304 877 2345 ultro
902 2304 1044 2346 adfata
1068 2304 1300 2345 timentem:

22 2363 27 2366 ’
105 2371 245 2418 ‚‚nate‚
270 2364 366 2406 licet
390 2365 518 2407 tristis
543 2365 682 2407 animo
706 2366 913 2420 deponere
938 2381 1072 2407 curas.

16 2443 27 2487 '3
103 2428 207 2470 haec
230 2427 365 2469 omnis
390 2426 525 2468 morbi
550 2442 719 2478 eaussa3
744 2427 841 2469 hinc
865 2427 1100 2469 miserabile
1123 2426 1357 2482 Nymphae,

105 2505 200 2532 cum
224 2489 376 2544 quibus
400 2489 471 2531 illa
496 2489 643 2531 choros
667 2489 772 2531 lucis
798 2489 983 2545 agitabat
1006 2490 1050 2530 in
1074 2490 1181 2538 altis,

106 2552 277 2594 exitium
301 2552 450 2594 misere
475 2551 637 2607 apibus.
664 2560 710 2592 tu
739 2566 913 2593 munera
937 2551 1114 2606 supplex

30 2614 35 2617 '
107 2614 228 2656 tende
251 2621 397 2670 petens
421 2629 569 2670 pacem
594 2619 634 2655 et
658 2613 792 2655 facilis
817 2627 1014 2655 venerare
1037 2612 1250 2668 Napaeas;

108 2690 286 2731 namque
310 2677 467 2720 dabunt
491 2677 656 2719 veniam
679 2677 787 2718 votis
811 2676 978 2730 irasque
1001 2675 1223 2717 remittent.

111 2738 185 2780 sed
208 2740 355 2782 modus
381 2739 526 2782 orandi
550 2739 621 2794 qui
646 2739 699 2781 sit
721 2739 838 2795 prius
864 2738 1006 2781 ordine
1032 2738 1180 2780 dicam.

1493 507 1561 539 500

1495 820 1561 851 505

1496 1131 1562 1162 510

1496 1444 1562 1474 515

1496 1755 1563 1786 520

1498 2066 1563 2097 525

1500 2378 1565 2409 530
