1820 3054
297 594 339 624 35

295 895 338 926 40

296 1199 339 1230 45

298 1500 339 1530 50

298 1804 339 1832 55

297 2106 339 2136 60

297 2407 338 2438 65

298 2708 338 2739 70

367 291 449 333 350
766 297 807 329 P.
828 293 1056 331 VERGILII
1074 290 1298 330 MARONIS

363 415 445 441 non
468 398 760 450 HeHespontus
784 394 956 449 pedibus
979 394 1165 449 pulsatus
1190 407 1398 448 equorum,

365 459 538 502 Graecia
561 471 654 498 cum
676 456 808 496 timuit
832 455 1038 497 venientes
1062 455 1242 508 undique
1263 455 1432 498 Persas:

362 519 499 560 mollia
522 518 595 559 sed
617 517 728 557 tenui
751 516 855 571 pede
879 530 1038 557 currere
1062 516 1241 557 carmina
1263 531 1397 567 versu,

361 579 515 620 viribus
540 583 635 632 apta
659 577 761 626 suis,
786 576 956 618 Phoebo
980 577 1084 618 duce
1107 576 1246 618 ludere
1269 578 1432 633 gaudet.

362 640 439 680 hoc
463 638 552 687 tibi,
579 643 716 679 sancte
739 652 858 692 puer,
884 636 1198 679 memorabitum-
1217 643 1258 678 et
1280 637 1356 678 tibi
1381 645 1506 679 certet

361 698 491 755 gloria
513 703 754 753 perpetuum
778 698 936 747 lucens,
962 713 1156 740 mansura
1177 712 1251 752 per
1273 712 1431 739 aevum.

363 766 403 801 et
426 759 500 801 tibi
524 759 620 800 sede
643 759 712 813 pia
734 764 898 799 maneat
919 758 1035 800 locus
1059 764 1099 800 et
1121 758 1196 800 tibi
1220 773 1362 814 sospes

363 820 500 862 debita
522 819 663 860 felices
688 825 934 861 memoretur
956 820 1040 860 vita
1062 834 1135 874 per
1158 834 1299 869 annos,

361 887 495 936 grata,
519 880 636 922 bonis
661 880 814 921 lucens.
840 881 914 922 sed
935 878 1010 922 nos
1035 881 1088 921 ad
1111 886 1255 935 coepta
1277 880 1466 922 feramur.

416 943 569 998 Igneus
595 942 794 983 aetherias
819 942 900 983 iam
925 942 986 983 sol
1009 948 1240 996 penetrarat
1262 941 1304 982 in
1328 956 1454 992 arces,

363 1003 615 1056 candidaque
639 1009 780 1045 aurato
805 1002 1012 1057 quatiebat
1033 1003 1188 1044 lumina
1212 1017 1343 1052 curru,

363 1063 540 1106 crinibus
565 1070 605 1105 et
627 1064 755 1105 roseis
780 1063 967 1105 tenebras
992 1078 1137 1105 aurora
1160 1063 1323 1119 fugarat
1332 1080 1346 1104 :-

361 1124 539 1179 propulit
562 1138 584 1165 e
609 1123 778 1165 stabulis
803 1124 856 1165 ad
878 1138 1032 1179 pascua
1054 1124 1160 1166 laeta
1184 1124 1359 1178 capellas

361 1191 501 1240 pastor
524 1191 564 1226 et
588 1185 739 1226 excelsi
762 1185 911 1226 montis
936 1185 1033 1240 iuga
1057 1199 1216 1225 summa
1238 1185 1392 1239 petivit,

362 1246 495 1287 lurida
518 1260 600 1299 qua
621 1245 782 1300 patulos
806 1245 997 1286 velabant
1020 1245 1205 1300 gramina
1229 1245 1365 1285 colles.

363 1307 444 1348 iam
469 1306 581 1346 silvis
606 1306 821 1358 dumisque
844 1320 993 1360 vagae,
1018 1306 1100 1346 iam
1124 1305 1298 1345 vallibus
1323 1304 1478 1346 abdunt

363 1380 550 1420 corpora,
574 1366 737 1419 iamque
761 1366 871 1407 omni
894 1365 1046 1407 celeres
1070 1380 1092 1406 e
1115 1371 1229 1420 parte
1254 1372 1450 1420 vagantes

363 1427 584 1467 tondebant
608 1432 745 1467 tenero
769 1426 985 1467 viridantia
1007 1427 1192 1481 gramina
1215 1441 1365 1468 morsu.

363 1501 534 1541 scrupea
557 1487 741 1528 desertae
765 1486 986 1528 haerebant
1008 1487 1061 1529 ad
1084 1501 1186 1528 cava
1206 1487 1333 1542 rupis,

361 1547 539 1603 pendula
560 1548 749 1603 proiectis
774 1554 994 1602 carpuntur
1016 1554 1057 1589 et
1080 1547 1223 1590 arbuta
1245 1548 1381 1597 ramis,

362 1609 569 1662 densaque
592 1608 779 1664 virgultis
805 1609 922 1650 avide
945 1609 1134 1650 labrusca
1156 1615 1359 1664 petuntur.

361 1669 464 1710 haec
488 1683 688 1723 suspensa
711 1669 815 1724 rapit
839 1676 1027 1724 carpente
1052 1669 1263 1711 cacumina
1286 1684 1436 1718 morsu,

361 1730 464 1771 haec
488 1730 622 1771 salicis
646 1730 797 1779 lentae,
822 1730 887 1771 vel
911 1745 1015 1784 quae
1039 1746 1146 1772 nova
1169 1731 1348 1772 nascitur
1371 1730 1508 1779 alnus3

363 1790 464 1832 haec
488 1796 647 1832 teneras
672 1791 861 1831 fruticum
888 1798 1023 1833 sentes
1046 1792 1232 1841 rimatur;
1257 1797 1298 1832 at
1320 1791 1390 1832 illa

361 1851 530 1891 inminet
552 1851 594 1891 in
616 1851 692 1892 rivi
716 1852 958 1905 praestantis
981 1852 1171 1907 imaginis
1195 1852 1359 1892 undam.

420 1910 459 1953 Ο
486 1911 593 1953 bona
615 1912 808 1966 pastoris,
835 1912 963 1965 siquis
987 1927 1069 1953 non
1091 1912 1281 1966 pauperis
1306 1927 1427 1953 usum

361 1979 496 2013 mente
519 1972 632 2026 prius
657 1972 777 2013 docta
798 1972 981 2014 fastidiat
1004 1979 1043 2013 et
1066 1972 1227 2027 probet:
1252 1973 1310 2012 illi

362 2032 498 2074 omnia
519 2032 703 2072 luxuriae
725 2032 864 2086 pretiis
889 2032 1110 2086 incognita,
1137 2032 1243 2073 curis

362 2106 467 2146 quae
490 2092 669 2133 lacerant
691 2092 831 2133 avidas
856 2093 1018 2134 inimico
1042 2099 1204 2147 pectore
1229 2098 1396 2133 mentes.

363 2153 398 2194 si
420 2167 502 2194 non
525 2151 699 2207 Assyrio
724 2153 874 2193 fuerint
897 2153 959 2195 bis
983 2154 1093 2194 lauta
1117 2153 1250 2194 colore

361 2212 551 2254 Attalicis
576 2212 721 2267 opibus
746 2213 841 2254 data
864 2213 1032 2263 vellera,
1059 2214 1094 2255 si
1116 2214 1222 2255 nitor
1245 2213 1333 2254 auri

363 2273 438 2315 sub
462 2273 651 2326 laqueare
675 2274 820 2315 domus
845 2274 1025 2315 animum
1048 2288 1129 2315 non
1154 2274 1268 2329 angit
1291 2288 1471 2322 avarum,

360 2333 621 2388 picturaeque
645 2334 788 2383 decus,
813 2334 995 2389 lapidum
1017 2348 1093 2375 nec
1117 2334 1253 2389 fulgor
1275 2334 1317 2374 in
1339 2334 1423 2374 ulla

363 2394 550 2449 cognitus
574 2394 746 2435 utilitate
770 2400 923 2444 manet,
949 2409 1024 2436 nec
1047 2395 1194 2450 pocula
1216 2400 1378 2450 gratum

361 2454 532 2496 Alconis
555 2454 735 2496 referunt
757 2455 993 2508 Rhoecique
1018 2462 1217 2505 toreuma,
1242 2469 1317 2497 nec
1341 2454 1433 2495 Indi

362 2516 540 2557 conehea
562 2515 665 2557 baca
687 2516 810 2558 maris
833 2516 963 2570 pretio
987 2522 1067 2558 est:
1092 2523 1134 2557 at
1155 2522 1318 2571 pectore
1341 2529 1443 2570 puro

363 2590 484 2630 saepe
509 2590 631 2631 super
652 2581 790 2618 tenero
813 2577 1031 2631 prosternit
1053 2577 1235 2632 gramine
1259 2590 1418 2631 corpus,

361 2636 503 2678 florida
526 2651 619 2678 cum
642 2637 762 2679 tellus
785 2643 1038 2692 gemmantes
1062 2637 1171 2692 picta
1192 2652 1266 2692 per
1288 2636 1434 2678 herbas

361 2710 455 2738 vere
477 2702 590 2737 notat
613 2696 722 2739 dulci
745 2697 934 2740 distincta
957 2698 1158 2739 coloribus
1183 2712 1291 2746 arva,
