1780 3074
569 312 827 351 AENEIDOS
845 313 944 349 LIB.
963 313 992 348 1.

97 436 207 464 nunc
229 419 384 476 Amyci
409 434 552 461 casum
576 418 706 475 gemit
730 423 771 460 et
795 417 977 460 crudelia
1001 432 1143 460 secum

97 484 183 526 sata
205 483 334 539 Lyci,
359 482 591 536 fortemque
617 479 761 537 Gyan,
786 479 1020 536 fortemque
1046 479 1311 523 Cloanthum.

153 547 210 589 Et
234 547 316 589 iam
340 545 435 588 finis
459 551 565 596 erat,
592 559 687 587 cum
710 543 899 599 Iuppiter
921 543 1087 586 aethere
1112 558 1275 586 summo

97 609 321 666 dispiciens
346 622 459 650 mare
482 607 705 649 velivolum
730 613 943 661 terrasque
966 606 1149 649 iacentes

95 672 296 726 litoraque
321 677 361 713 et
384 670 490 712 latos
513 669 709 726 populos,
736 669 796 711 sic
819 668 972 710 vertice
997 668 1101 711 caeli

96 734 279 776 constitit
303 740 345 775 et
366 732 532 788 Libyae
556 732 700 773 defixit
722 731 881 772 lumina
903 731 1057 787 regnis.

95 802 219 850 atque
242 795 359 837 illum
384 794 487 836 tales
511 794 733 835 iactantem
756 798 925 848 pectore
949 807 1070 835 curas

94 858 249 900 tristior
272 863 312 899 et
335 855 515 898 lacrimis
540 855 683 897 oculos
709 855 872 897 suffusa
894 855 1064 898 nitentis

94 919 329 974 adloquitur
352 918 518 960 Venus:
546 932 597 969 „o
621 917 693 972 qui
716 932 784 959 res
809 917 1108 972 hominumque
1133 917 1342 973 deumque

94 981 270 1024 aeternis
295 979 406 1037 regis
430 979 615 1035 imperiis
640 985 682 1021 et
705 979 880 1021 fulmine
906 985 1049 1031 terres,

93 1044 194 1099 quid
217 1057 334 1085 meus
358 1041 528 1084 Aeneas
552 1042 596 1083 in
619 1047 660 1084 te
685 1041 943 1084 committere
967 1048 1141 1094 tantum,

93 1106 194 1160 quid
218 1105 350 1146 Troes
374 1110 565 1160 potuere,
591 1103 743 1159 quibus
768 1109 830 1146 tot
853 1104 1001 1146 funera
1022 1105 1160 1161 passis

94 1174 265 1210 cunctus
289 1167 343 1209 ob
368 1166 532 1208 Italiam
555 1171 758 1208 terrarum
782 1165 988 1208 clauditur
1012 1166 1150 1210 orbis?

94 1236 202 1272 certe
225 1230 322 1272 hinc
345 1229 557 1272 Romanos
582 1228 699 1280 olim,
723 1228 988 1271 volventibus
1013 1229 1146 1282 annis,

93 1293 189 1335 hine
211 1292 300 1334 fore
325 1292 538 1342 ductores,
562 1297 757 1334 revocato
781 1307 807 1334 a
831 1291 1034 1348 sanguine
1059 1292 1227 1343 Teucri,

93 1355 164 1410 qui
188 1369 320 1405 mare,
346 1354 416 1409 qui
441 1360 570 1396 terras
595 1354 708 1396 omni
732 1354 894 1396 dicione
920 1362 1118 1406 tenerent,

92 1417 319 1473 pollicitus,
344 1431 452 1471 quae
476 1422 535 1466 te,
561 1416 742 1473 genitor,
769 1417 974 1460 sententia
996 1417 1145 1459 vertit?

94 1479 172 1522 hoc
197 1479 388 1534 equidem
414 1493 609 1520 occasum
634 1478 786 1521 Troiae
810 1479 1023 1533 tristisque
1046 1479 1187 1522 ruinas

95 1541 276 1593 solabar,
304 1541 400 1583 fatis
426 1541 630 1583 contraria
654 1541 742 1583 fata
764 1542 997 1597 rependens
1005 1558 1017 1594 3

95 1618 204 1646 nunc
228 1604 374 1646 eadem
398 1603 566 1645 fortuna
589 1603 700 1646 viros
725 1609 786 1646 tot
810 1603 978 1647 casibus
1004 1609 1118 1647 actos

92 1666 334 1722 insequitur.
359 1681 484 1721 quem
508 1666 583 1708 das
608 1666 753 1717 finem,
778 1681 854 1708 rex
877 1681 1048 1723 magne,
1073 1666 1287 1709 laborum?

95 1729 287 1771 Antenor
309 1728 461 1785 potuit,
486 1729 634 1770 mediis
660 1728 828 1784 elapsus
852 1728 1043 1780 Achivis,

94 1791 283 1847 Illyricos
307 1797 523 1847 penetrare
548 1791 663 1833 sinus
689 1798 813 1846 atque
837 1791 982 1834 intima
1006 1798 1119 1834 tutus

93 1869 223 1910 regna
246 1853 531 1896 Liburnorum
555 1860 596 1896 et
619 1854 778 1896 fontem
803 1869 997 1910 superare
1023 1854 1202 1905 Timavi,

93 1917 203 1958 unde
226 1931 301 1972 per
325 1930 397 1958 ora
420 1930 570 1958 novem
594 1922 714 1959 vasto
739 1931 834 1958 cum
858 1931 1069 1959 murmure
1093 1917 1246 1958 montis

93 1979 125 2020 it
147 1993 260 2021 mare
283 1985 527 2034 proruptum
552 1985 593 2020 et
615 1979 766 2035 pelago
790 1979 941 2034 premit
965 1995 1065 2021 arva
1090 1979 1266 2022 sonanti.

93 2041 161 2083 hic
185 2047 322 2083 tamen
345 2041 415 2083 ille
437 2041 584 2083 urbem
607 2041 757 2083 Patavi
783 2042 987 2097 sedesque
1011 2042 1163 2084 locavit

95 2102 368 2154 Teucrorum,
394 2109 435 2146 et
457 2104 573 2161 genti
596 2119 748 2146 nomen
772 2104 884 2146 dedit
910 2119 1108 2159 armaque
1131 2104 1222 2146 fixit

95 2164 237 2216 Troia,
263 2180 374 2207 nune
396 2165 560 2221 placida
583 2173 809 2222 conpostus
834 2182 938 2222 paee
963 2167 1158 2222 quiescit:

93 2243 188 2278 nos,
214 2235 285 2269 tua
308 2228 549 2284 progenies,
575 2229 678 2270 caeli
702 2228 853 2283 quibus
879 2230 1027 2272 adnuis
1052 2244 1204 2280 arcem,

94 2289 288 2339 navibus,
313 2289 550 2331 infandum!
576 2291 761 2342 amissis,
787 2291 910 2334 unius
935 2291 990 2334 ob
1014 2292 1119 2334 iram

93 2350 307 2406 prodimur
330 2357 454 2404 atque
478 2351 596 2394 Italis
619 2352 744 2408 longe
768 2353 1048 2409 disiungimur
1073 2354 1169 2395 oris.

94 2412 161 2454 hic
186 2412 349 2467 pictatis
375 2412 533 2454 honos?
557 2413 618 2455 sic
640 2429 717 2456 nos
741 2414 785 2455 in
810 2422 974 2470 sceptra
996 2415 1220 2470 reponis?“

154 2474 239 2517 Olli
266 2474 483 2516 subridens
508 2474 722 2517 hominum
747 2482 859 2518 sator
882 2483 1005 2531 atque
1029 2478 1201 2519 deorum

95 2536 227 2587 voltu,
253 2551 336 2591 quo
361 2537 522 2579 caelum
546 2543 896 2592 tempestatesque
921 2545 1096 2590 serenat,

97 2599 237 2640 oscula
260 2599 404 2641 libavit
427 2605 567 2650 natae,
594 2599 742 2641 dehinc
765 2600 864 2642 talia
887 2600 1017 2642 fatur:

101 2673 246 2714 „parce
269 2667 400 2712 metu,
428 2660 655 2717 Cytherea,
680 2668 848 2704 manent
871 2662 1030 2705 inmota
1052 2669 1217 2705 tuorum

99 2719 184 2762 fata
206 2722 298 2774 tibi3
324 2738 467 2766 cernes
492 2723 638 2766 urbem
662 2730 703 2766 et
724 2725 932 2781 promissa
953 2725 1108 2767 Lavini

99 2784 279 2835 moenia,
305 2785 608 2842 sublimemque
632 2786 742 2829 feres
767 2787 821 2829 ad
846 2788 980 2830 sidera
1006 2788 1108 2830 caeli

1406 303 1462 347 95

1489 681 1554 713 225

1488 990 1553 1021 230

1489 1305 1555 1336 235

1490 1616 1556 1647 240

1489 1928 1555 1959 245

1489 2241 1555 2271 250

1489 2548 1554 2580 255
