1800 3106
563 274 823 313 AENEIDOS
847 274 946 311 LIB.
959 275 1044 313 VII.

117 385 254 427 Roma
277 382 391 432 colit,
419 396 513 422 cum
537 381 671 436 prima
693 385 864 422 movent
885 379 930 420 in
952 378 1110 435 proelia
1131 377 1327 429 Martem,

119 447 206 488 sive
232 443 352 488 Getis
376 444 528 485 inferre
553 457 679 484 manu
701 441 955 484 lacrimabile
978 440 1135 483 bellum

117 507 380 563 Hyrcanisve
404 505 614 547 Arabisve
637 510 802 560 parant,
829 519 905 546 seu
927 503 1097 545 tendere
1121 503 1175 545 ad
1198 503 1328 545 Indos

118 583 392 623 auroramque
419 568 537 622 sequi
560 566 823 621 Parthosque
845 579 1066 621 reposcere
1090 565 1223 622 signa.

120 637 216 673 sunt
239 631 429 686 geminae
454 629 552 671 belli
573 635 736 685 portae,
763 628 824 670 sic
846 628 1014 670 nomine
1038 627 1194 677 dicunt,

118 693 317 747 religione
343 706 484 734 sacrae
509 697 550 733 et
574 691 689 733 saevi
712 690 932 732 formidine
955 689 1127 740 Martis;

119 763 285 797 centum
310 754 419 796 aerei
443 753 641 795 claudunt
664 758 803 794 vectes
829 757 1080 806 aeternaque
1099 750 1205 793 *ferri

118 817 284 865 robora,
310 830 388 858 nec
411 821 552 857 custos
576 814 741 857 absistit
763 814 905 855 limine
927 813 1079 872 lanus3

118 879 214 929 has,
239 878 312 920 ubi
335 882 447 919 certa
471 877 588 919 sedet
609 875 798 932 patribus
823 875 1029 918 sententia
1050 890 1231 932 pugnae,

119 943 209 996 ipse
235 938 440 992 Quirinali
463 937 607 980 trabea
630 938 851 992 cinctuque
877 935 1045 980 Gabino

118 1001 293 1058 insignis
316 1006 474 1043 reserat
497 1000 712 1042 stridentia
733 999 878 1041 limina
901 999 1067 1050 consu13

118 1064 210 1119 ipse
232 1068 355 1104 vocat
376 1077 562 1118 pugnas,
589 1061 776 1115 sequitur
798 1067 888 1102 tum
912 1067 1050 1103 cetera
1071 1061 1220 1116 pubes,

119 1138 320 1178 aereaque
344 1124 526 1165 adsensu
550 1123 789 1178 conspirant
812 1137 968 1164 cornua
990 1137 1130 1164 rauco.

119 1187 199 1228 hoc
223 1192 264 1227 et
286 1191 375 1226 tum
397 1183 611 1227 Aeneadis
634 1185 815 1227 indicere
839 1184 950 1226 bella
971 1184 1154 1226 Latinus

120 1262 235 1289 more
258 1246 478 1289 iubebatur
500 1247 713 1301 tristisque
735 1246 949 1288 recludere
971 1253 1128 1302 portas.

123 1308 322 1351 abstinuit
344 1314 459 1350 tactu
480 1314 616 1363 pater,
642 1322 898 1362 aversusque
920 1308 1078 1365 refugit

122 1370 247 1412 foeda
269 1370 497 1412 ministeria
520 1375 562 1411 et
585 1370 719 1412 caecis
745 1385 790 1412 se
815 1370 999 1412 condidit
1021 1370 1194 1412 umbris.

124 1442 212 1473 tum
235 1431 380 1487 regina
403 1431 527 1473 deum
552 1431 667 1473 caelo
691 1431 863 1487 delapsa
885 1431 1084 1473 morantis

124 1493 272 1548 inpulit
294 1493 387 1549 ipsa
410 1509 537 1535 manu
559 1499 701 1549 portas
725 1499 767 1534 et
790 1494 957 1535 cardine
979 1508 1102 1535 verso

123 1556 222 1598 belli
245 1556 420 1598 ferratos
443 1557 600 1612 rumpit
626 1555 823 1598 Saturnia
845 1562 1003 1612 postes.

124 1619 241 1660 ardet
263 1618 444 1660 inexcita
466 1617 659 1660 Ausonia
682 1624 806 1672 atque
830 1618 1040 1660 inmobilis
1066 1624 1181 1669 ante3

123 1694 220 1734 pars
243 1681 372 1735 pedes
396 1680 456 1722 ire
479 1687 598 1735 parat
621 1680 799 1736 campis,
823 1695 920 1736 pars
946 1681 1101 1722 arduus
1127 1681 1221 1722 altis

125 1742 436 1796 pulverulentus
461 1743 579 1796 equis
603 1742 723 1793 surit3
748 1757 892 1784 omnes
917 1758 1033 1784 arma
1054 1742 1283 1796 requirunt.

124 1818 221 1858 pars
245 1803 348 1845 levis
373 1803 528 1859 clipeos
553 1810 594 1846 et
618 1803 778 1859 spicula
800 1804 940 1846 lucida
963 1810 1127 1860 tergent

124 1864 268 1906 arvina
289 1865 456 1921 pingui,
481 1864 764 1922 subiguntque
786 1866 832 1907 in
854 1871 946 1908 cote
971 1880 1160 1916 secures3

126 1926 329 1981 signaque
353 1926 461 1968 ferre
483 1927 599 1968 iuvat
623 1927 866 1982 sonitusque
890 1927 1034 1969 audire
1058 1926 1264 1969 tubarum.

124 1988 306 2043 quinque
331 1989 435 2030 adeo
458 2004 636 2045 magnae
659 1989 807 2045 positis
831 1989 1053 2031 incudibus
1078 1989 1203 2030 urbes

125 2049 206 2091 tela
228 2056 402 2100 novant,
427 2049 560 2092 Atina
581 2057 731 2106 potens
757 2051 972 2105 Tiburque
998 2050 1237 2106 superbum,

124 2110 269 2152 Ardea
294 2110 638 2166 Crustumerique
663 2118 704 2154 et
727 2112 954 2169 turrigerae
978 2111 1230 2154 Antemnae.

125 2172 309 2227 tegmina
331 2178 421 2214 tuta
444 2179 595 2214 cavant
618 2174 818 2228 capitum,
843 2174 1097 2228 flectuntque
1122 2174 1305 2229 salignas

124 2232 356 2274 umbonum
379 2240 532 2284 crates3
557 2234 627 2275 alii
651 2235 840 2276 thoracas
865 2250 992 2276 aenos

126 2300 200 2334 aut
221 2294 326 2336 levis
351 2296 494 2336 ocreas
517 2295 630 2337 lento
654 2296 812 2337 ducunt
835 2302 1027 2352 argent03

126 2354 305 2396 vomeris
329 2354 413 2396 huc
435 2362 478 2396 et
500 2355 619 2397 falcis
642 2355 795 2406 honos,
819 2356 903 2397 huc
926 2356 1061 2398 omnis
1086 2356 1210 2397 aratri

127 2415 253 2456 cessit
276 2430 411 2466 amor3
435 2422 665 2469 recoquunt
687 2417 845 2472 patrios
870 2417 1109 2458 fornacibus
1135 2431 1270 2458 enses.

127 2476 302 2518 classica
323 2476 490 2531 iamque
515 2483 682 2526 sonant,
707 2477 740 2518 it
763 2476 872 2518 bello
898 2483 1056 2518 tessera
1080 2477 1259 2533 signum.

126 2537 194 2578 hic
217 2538 381 2594 galeam
405 2538 523 2581 tectis
548 2539 732 2593 trepidus
758 2538 884 2593 rapit,
909 2538 978 2579 ille
1002 2538 1215 2580 frementis

127 2599 182 2640 ad
203 2599 304 2655 iuga
327 2600 439 2657 cogit
463 2614 611 2654 equos,
638 2599 900 2655 clipeumque
925 2614 1108 2653 auroque
1132 2599 1306 2641 trilicem

126 2660 296 2702 loricam
319 2661 519 2710 induitur,
544 2661 710 2715 fidoque
735 2661 964 2717 accingitur
987 2675 1099 2702 ense.

183 2721 359 2764 Pandite
383 2738 493 2764 nunc
516 2723 741 2774 Helicona,
767 2723 888 2774 deae,
914 2728 1143 2777 cantusque
1167 2728 1342 2773 movete,

1399 265 1484 308 229

1514 515 1578 546 605

1517 825 1583 856 610

1519 1135 1584 1166 615

1522 1445 1588 1476 620

1523 1754 1588 1785 625

1523 2063 1589 2094 630

1521 2369 1587 2400 635

1518 2675 1583 2706 640
