1800 3080
727 256 910 294 CULEX.
1418 248 1501 291 357

135 369 176 404 et
201 361 356 405 Simois
379 361 626 416 Xanthique
650 360 803 415 liquor,
831 359 1042 417 Sigeaque
1065 366 1229 418 praeter
1526 373 1590 405 300

133 424 254 466 litora
277 438 374 466 cum
397 423 531 465 Troas
557 423 672 465 saevi
695 423 814 465 ducis
838 422 1035 466 Hectoris
1058 423 1122 466 ira

137 485 274 527 videre
297 485 342 527 in
365 484 521 527 classes
544 484 713 526 inimica
735 490 874 527 mente
897 484 1102 542 Pelasgas

132 545 323 598 volnera,
348 546 449 597 tela,
474 560 618 597 neces,
643 546 765 603 ignes
790 546 943 589 inferre
966 554 1147 603 paratos.

131 608 226 664 ipsa
246 608 358 665 iugis
383 622 563 663 namque
586 608 665 650 Ida
687 615 835 665 patens
859 608 1168 660 frondentibus,
1193 608 1307 666 ipsas

132 669 211 712 Ida
234 670 349 712 faces
374 670 496 712 altrix
520 670 682 726 cupidis
705 670 933 726 praebebat
956 671 1148 722 alumnis,
1526 685 1592 716 310

132 732 269 774 omnis
293 738 340 774 ut
362 732 407 774 in
430 731 589 774 eineres
613 731 792 774 Rhoetei
813 732 945 775 litoris
970 747 1043 775 ora

133 793 338 836 classibus
362 793 566 836 ambustis
590 793 759 836 flamma
780 793 1022 836 lacrimante
1046 793 1224 836 daretur.

131 855 228 898 hinc
252 861 341 898 erat
363 855 600 912 oppositus,
625 861 768 898 contra
792 855 1060 898 Telamonius
1084 856 1220 907 heros,

131 917 376 972 obiectoque
401 917 527 960 dabat
551 917 684 974 clipeo
709 918 952 969 certamina,
978 924 1019 960 et
1041 918 1155 960 illinc

131 978 293 1021 Hector
315 984 421 1030 erat,
447 979 599 1022 Troiae
625 994 835 1021 summum
859 980 1008 1022 decus:
1033 1005 1090 1011 —-
1114 995 1210 1022 acer
1232 987 1419 1036 uterque,
1526 994 1591 1025 315

130 1040 375 1083 fulminibus
399 1041 516 1083 coelo
539 1041 669 1083 veluti
692 1041 834 1098 fragor
857 1042 993 1084 editus
1015 1042 1186 1098 ingens3
1212 1068 1268 1074 —

129 1102 297 1159 ignibus
321 1102 390 1145 hic
413 1103 589 1158 telisque
613 1118 739 1159 super
762 1103 799 1145 si
822 1103 1030 1146 classibus
1054 1103 1198 1161 Argos

130 1164 306 1221 eriperet
327 1165 504 1216 reditus,
530 1165 633 1208 alter
654 1164 860 1209 Volcania
882 1165 992 1208 ferro

129 1227 300 1270 volnera
321 1233 532 1284 protectus
556 1228 762 1284 depellere
785 1228 963 1271 navibus
986 1229 1127 1271 instat.

129 1288 210 1330 hoc
234 1295 323 1332 erat
344 1288 554 1331 Aeacides
577 1289 695 1332 voltu
716 1289 893 1332 laetatus
917 1290 1096 1332 honores
1103 1306 1115 1341 ς
1524 1306 1590 1336 320

129 1350 453 1406 Dardaniaeque
477 1351 581 1393 alter
602 1351 699 1394 fuso
722 1352 835 1406 quod
859 1352 1062 1408 sangiune
1086 1367 1269 1408 campos,

129 1412 340 1456 Hectoreo
363 1413 497 1455 victor
517 1412 709 1455 lustravit
732 1428 903 1469 corpore
927 1414 1111 1456 Troiam.

128 1489 274 1517 rursus
298 1474 448 1517 acerba
470 1474 671 1526 fremunt,
696 1475 817 1518 Paris
841 1475 954 1517 hunc
977 1477 1091 1531 quod
1112 1475 1231 1527 letat‚
1257 1482 1299 1518 et
1322 1476 1446 1519 huius

129 1535 214 1578 alta
237 1536 343 1579 dolis
366 1536 503 1579 Ithaci
526 1536 657 1580 virtus
682 1538 796 1592 quod
819 1538 999 1580 concidit
1021 1538 1115 1580 ieta.

128 1597 226 1641 huic
248 1598 357 1656 gerit
379 1613 549 1641 aversos
573 1599 710 1655 proles
735 1600 907 1641 Laertia
930 1599 1081 1651 voltus,
1523 1613 1589 1645 325

128 1666 171 1702 et
192 1660 277 1702 iam
302 1658 531 1716 Strymonii
554 1660 686 1702 Rhesi
710 1661 923 1715 victorque
945 1660 1138 1713 Dolonis,

127 1721 302 1764 Pallade
325 1721 409 1764 iam
431 1722 608 1764 laetatur
631 1737 781 1774 ovans3
805 1738 1032 1778 rursusque
1055 1724 1265 1766 tremescit

127 1784 212 1826 iam
238 1783 438 1835 Ciconas,
463 1785 630 1840 iamque
653 1785 794 1827 horret
818 1791 937 1828 atrox
959 1786 1277 1842 Laestrygonas
1303 1817 1334 1828 ..

127 1846 246 1888 illum
271 1844 414 1902 Scylla
436 1861 568 1902 rapax
591 1847 762 1889 canibus
789 1847 999 1890 succincta
1021 1847 1224 1890 Molossis

126 1907 428 1962 Aetnaeusque
454 1907 656 1964 Cyclops,
680 1909 799 1951 illum
822 1909 1046 1951 metuenda
1070 1908 1307 1966 Charybdis
1522 1923 1588 1954 330

126 1969 410 2025 pallentesque
434 1969 550 2012 lacus
575 1976 616 2011 et
640 1970 830 2025 squalida
853 1971 1027 2013 Tartara
1051 1977 1217 2014 terrent.

126 2031 195 2073 hic
219 2037 260 2073 et
283 2031 474 2074 Tantalei
495 2032 661 2088 generis
685 2032 813 2075 decus
820 2064 832 2084 ,
858 2033 1022 2089 amplus
1045 2032 1210 2084 Atrida,

127 2092 307 2143 adsidet,
332 2092 542 2150 Argivum
563 2093 723 2145 lumen,
748 2109 831 2149 quo
855 2094 1023 2137 flamma
1045 2101 1215 2151 regente

126 2153 256 2196 Doris
280 2154 574 2198 Erichthonias
597 2157 820 2211 prostravit
843 2157 1031 2199 funditus
1056 2172 1185 2199 arces.

127 2215 324 2266 reddidit,
348 2216 450 2266 heu,
477 2214 631 2258 Graius
655 2231 813 2271 poenas
837 2218 931 2268 tibi,
957 2218 1102 2268 Troia,
1126 2217 1293 2268 furenti,
1520 2231 1585 2263 335

128 2275 481 2332 Hellespontiacis
505 2276 693 2319 obiturus
716 2278 896 2320 reddidit
919 2279 1056 2320 undis.

127 2337 200 2379 illa
221 2337 335 2379 vices
358 2337 574 2380 hominum
597 2344 748 2380 testata
772 2346 836 2381 est
859 2340 980 2395 copia
1002 2340 1226 2395 quondam,

127 2412 181 2440 ne
204 2398 425 2453 quisquam
448 2399 639 2455 propriae
661 2396 852 2442 fortunae
875 2415 1046 2443 munere
1069 2402 1186 2443 dives

127 2460 206 2502 iret
227 2460 440 2503 inevectus
466 2461 628 2503 caelum
652 2476 795 2517 super:
820 2477 942 2504 omne
964 2463 1198 2519 propinquo

127 2522 334 2578 frangitur
354 2523 534 2565 invidiae
558 2523 640 2566 telo
664 2524 804 2566 decus.
829 2524 918 2566 ibat
939 2525 982 2566 in
1005 2525 1135 2567 altum
1517 2539 1583 2571 340

127 2584 191 2626 vis
215 2585 357 2641 Argos
380 2591 571 2641 repetens
594 2585 790 2642 patriam,
816 2586 1026 2642 ditataque
1048 2586 1204 2642 praeda

128 2646 235 2689 arcis
259 2646 579 2698 Erichthoniae3
605 2662 744 2690 comes
767 2648 866 2690 huic
889 2655 978 2691 erat
1000 2664 1101 2701 aura
1124 2649 1326 2700 secunda3

127 2721 203 2762 per
223 2708 434 2764 placidum
458 2724 584 2752 cursu
606 2709 780 2766 pelagus
804 2710 949 2753 Nereis
975 2710 1028 2753 ab
1052 2710 1164 2753 unda
