1820 3080
345 286 427 328 302
746 293 789 326 P.
808 290 1038 327 VERGILII
1056 287 1280 326 MARONIS

261 407 319 438 130
345 395 443 448 quin
467 401 507 435 et
529 392 664 434 fatalis
688 405 895 432 murorum
919 389 1100 430 attollere
1123 389 1264 439 moles,

258 710 317 738 135)

259 1012 318 1042 140

260 1317 318 1346 145

261 1619 320 1649 150

262 1923 321 1953 1:35

262 2226 322 2255 160

265 2531 322 2560 165

345 468 523 507 saxaque
548 452 786 494 subvectare
809 450 988 491 humeris
1014 449 1192 491 Troiana
1214 450 1407 492 iuvabit.“

344 515 500 555 dixerat
522 513 641 561 haec,
667 525 829 564 unoque
854 525 994 551 omnes
1020 510 1163 551 eadem
1187 525 1256 552 ore
1280 511 1518 554 fremebant,

342 575 406 616 bis
431 588 550 615 senos
573 572 765 627 pepigere
789 571 876 612 dies
901 577 941 612 et
964 585 1065 625 pace
1089 577 1301 624 sequestra

341 649 414 688 per
438 634 560 675 silvas
586 633 735 674 Teucri
758 632 954 685 mixtique
977 632 1130 686 inpune
1153 632 1294 673 Latini

343 708 525 735 erravere
548 693 670 749 iugis.
695 693 802 734 ferro
828 698 945 734 sonat
968 692 1049 733 alta
1072 691 1240 747 bipenni

341 755 544 804 fraxinus3
570 759 757 796 evertunt
779 759 891 795 actas
916 753 969 794 ad
993 753 1126 795 sidera
1147 754 1279 808 pinos,

341 816 486 858 robora
508 830 584 858 nec
608 816 747 857 cuneis
772 822 812 856 et
835 815 1011 857 olentem
1035 815 1218 856 scindere
1242 816 1420 866 cedrum,

341 892 417 918 nec
439 877 631 932 plaustris
656 882 820 919 cessant
842 882 1004 918 vectare
1028 875 1285 931 gementibus
1310 891 1443 918 ornos.

395 938 453 979 Et
475 939 557 979 iam
580 938 692 979 fama
715 937 875 987 volans,
901 937 1002 978 tanti
1025 937 1265 991 praenuntia
1287 937 1436 987 luctus,

341 998 582 1040 Euandrum
605 998 871 1051 Euandrique
895 998 1038 1039 domos
1063 1003 1103 1039 et
1125 998 1285 1039 moenia
1307 998 1447 1052 replet,

342 1075 447 1114 quae
471 1061 593 1101 modo
617 1060 814 1101 victorem
837 1059 961 1100 Latio
986 1059 1174 1100 Pallanta
1196 1058 1365 1100 ferebat.

341 1121 526 1162 Arcades
551 1121 604 1162 ad
627 1126 764 1175 portas
788 1134 905 1162 ruere
929 1125 969 1161 et
992 1120 1043 1161 de
1067 1134 1179 1161 more
1203 1125 1365 1161 vetusto

342 1182 532 1224 funereas
555 1196 725 1236 rapuere
749 1181 862 1223 faces
870 1197 880 1231 ;
905 1181 1015 1221 lucet
1037 1181 1104 1221 via
1126 1180 1250 1235 longo

343 1243 482 1284 ordine
506 1243 761 1284 flammarum
786 1248 827 1283 et
848 1242 928 1283 late
953 1241 1204 1282 discriminat
1227 1255 1360 1296 agros.

344 1310 482 1344 contra
505 1303 624 1344 turba
646 1303 861 1358 Phrygum
885 1302 1051 1343 veniens
1075 1301 1311 1356 plangentia
1333 1301 1506 1356 iungunt

344 1364 518 1419 agmina.
545 1377 650 1416 quae
672 1370 892 1418 postquam
916 1368 1066 1402 matres
1092 1361 1310 1402 succedere
1334 1362 1451 1402 tectis

343 1425 548 1473 widerunt,
574 1429 772 1464 maestam
795 1423 1018 1464 incendunt
1041 1421 1285 1463 clamoribus
1310 1421 1465 1463 urbem.

344 1493 385 1526 at
408 1500 489 1526 non
511 1484 754 1526 Euandrum
778 1483 885 1538 potis
910 1490 973 1524 est
996 1483 1059 1524 vis
1083 1482 1167 1524 ulla
1190 1489 1326 1524 tenere
1334 1499 1344 1532 ;

344 1547 418 1587 sed
440 1546 550 1587 venit
573 1546 615 1586 in
638 1545 807 1586 medios.
832 1544 982 1586 feretro
1004 1543 1194 1585 Pallanta
1215 1549 1378 1598 reposto

343 1606 558 1661 procubuit
582 1620 704 1660 super
726 1611 848 1659 atque
871 1605 1011 1646 haeret
1033 1604 1330 1657 lacrimansque
1354 1618 1615 1659 gemensque,

345 1675 384 1707 et
406 1668 474 1708 via
497 1667 565 1707 vix
590 1666 755 1707 tandem
777 1666 870 1707 voci
892 1666 1030 1706 laxata
1052 1664 1191 1707 dolore
1215 1672 1295 1706 est:

347 1742 453 1778 „non
476 1728 594 1777 haec,
620 1742 644 1768 o
668 1727 803 1776 Palla,
828 1727 998 1768 dederas
1022 1726 1225 1781 promissa
1246 1726 1416 1780 parenti,

345 1789 504 1829 cautius
528 1794 573 1829 ut
598 1802 721 1829 saevo
745 1787 871 1829 velles
896 1794 936 1829 te
960 1787 1124 1828 credere
1147 1786 1299 1828 Marti?

345 1850 455 1890 haud
478 1850 644 1904 ignarus
669 1863 798 1898 eram,
823 1854 1020 1902 quantum
1043 1863 1150 1889 nova
1173 1848 1302 1903 gloria
1324 1848 1367 1888 in
1391 1847 1512 1888 armis

345 1916 386 1950 et
407 1910 624 1964 praedulce
648 1909 773 1950 decus
796 1909 928 1963 primo
952 1909 1170 1949 certamine
1194 1914 1345 1962 posset.

343 1970 544 2024 primitiae
566 1969 724 2010 iuvenis
749 1969 920 2011 miserae
944 1969 1121 2021 bellique
1144 1968 1362 2023 propinqui

345 2031 448 2071 dura
468 2029 716 2071 rudimenta!
742 2035 782 2071 et
804 2029 907 2070 nulli
930 2029 1122 2070 exaudita
1145 2029 1314 2069 deorum

345 2097 440 2133 vota
462 2105 685 2146 precesque
709 2090 842 2132 meae!
867 2096 1011 2143 tuque,
1037 2104 1062 2131 o
1086 2089 1343 2131 sanctissima
1367 2089 1555 2135 coniunx,

345 2153 445 2194 felix
467 2159 596 2194 morte
620 2158 707 2202 tua,
733 2166 865 2206 neque
888 2153 934 2192 in
954 2152 1063 2193 hunc
1087 2157 1246 2193 servata
1269 2151 1468 2192 doloreml

346 2220 486 2255 contra
510 2227 587 2268 ego
610 2213 786 2254 vivendo
809 2213 889 2254 vici
913 2227 1005 2254 mea
1027 2212 1131 2262 fata,
1157 2217 1364 2266 superstes

344 2280 538 2315 restarem
561 2280 607 2315 ut
630 2274 798 2328 genitor.
825 2274 979 2314 Troum
1005 2273 1114 2314 socia
1137 2288 1250 2314 arma
1274 2278 1458 2314 secutum

346 2335 561 2376 obruerent
583 2335 727 2376 Rutuli
750 2333 860 2376 telis!
886 2334 1064 2375 animam
1087 2334 1175 2388 ipse
1199 2333 1418 2382 dedissem,

347 2402 467 2449 atque
491 2396 591 2437 haec
615 2410 767 2450 pompa
790 2396 957 2436 domum
981 2409 1065 2444 me,
1090 2409 1173 2436 non
1196 2393 1401 2443 Pallanta,
1426 2392 1612 2434 referretl

346 2471 421 2497 nec
444 2471 518 2498 vos
543 2457 764 2511 arguerim,
790 2456 958 2506 Teucri,
983 2470 1059 2497 nec
1082 2455 1265 2504 foedera,
1290 2469 1367 2496 nec
1389 2468 1491 2508 quas

348 2518 552 2558 iunximus
576 2517 752 2571 hospitio
777 2517 960 2567 dextras3
986 2532 1074 2558 sors
1098 2517 1177 2558 ista
1201 2522 1388 2557 senectae

347 2578 484 2619 debita
507 2584 592 2619 erat
615 2584 788 2619 nostrae.
814 2579 925 2632 quod
949 2578 984 2619 si
1006 2579 1208 2619 inmatura
1230 2576 1420 2618 manebat

348 2653 455 2679 mors
479 2645 668 2694 gnatum,
694 2639 824 2681 caesis
849 2638 1093 2680 Volscorum
1117 2637 1281 2679 milibus
1305 2643 1398 2679 ante

349 2700 565 2740 ducentem
588 2699 631 2740 in
653 2700 824 2741 Latium
848 2699 1028 2741 Teucros
1054 2699 1248 2741 cecidisse
1271 2699 1439 2739 iuvaret.
