1794 3048
365 520 427 551 695

363 826 426 857 700

361 1132 423 1162 705

361 1436 424 1466 710

360 1743 422 1773 715

358 2048 422 2078 720

330 2376 334 2379 -
358 2354 421 2385 725

361 2659 423 2690 730

455 277 538 319 208
855 288 898 322 P.
918 287 1147 323 VERGILII
1166 286 1390 325 MARONIS

453 387 626 442 accipio!
651 388 813 441 quantis
837 388 1048 437 iactatum,
1073 395 1186 438 nate,
1210 388 1391 443 periclis!

451 462 575 500 quam
599 449 743 498 metui,
769 463 820 490 ne
845 449 944 502 quid
967 449 1129 503 Libyae
1159 449 1231 491 tibi
1254 464 1382 505 regna
1404 451 1643 493 nocerent1“

451 508 519 549 ille
544 516 698 549 autem:
727 515 822 559 „tua
845 523 929 558 me,
955 510 1131 564 genitor,
1157 516 1228 551 tua
1251 510 1376 552 tristis
1399 511 1536 566 imago

452 569 615 623 saepius
640 584 857 611 occurrens
880 570 982 611 haec
1005 570 1146 612 limina
1168 572 1332 612 tendere
1356 572 1493 627 adegit
1501 589 1512 622 3

451 637 560 671 stant
583 630 668 671 sale
692 630 904 685 Tyrrheno
929 631 1094 673 classes.
1120 632 1173 673 da
1195 632 1364 687 iungere
1387 633 1583 689 dextram,

450 691 504 731 da
525 691 703 746 genitor,
729 698 850 745 teque
874 692 1065 746 amplexu
1088 707 1140 733 ne
1165 692 1358 734 subtrahe
1381 696 1560 735 nostro.“

451 751 510 792 sic
533 767 762 794 memorans
786 753 900 808 largo
924 753 1021 794 fletu
1046 753 1167 794 simul
1190 768 1262 795 ora
1283 753 1455 809 rigabat.

450 821 511 854 ter
534 820 703 855 conatus
728 814 785 856 ibi
809 815 913 856 collo
938 815 1034 855 dare
1058 814 1225 856 brachia
1248 815 1411 865 circum,

450 881 511 915 ter
533 874 685 916 frustra
709 889 934 930 conprensa
956 891 1101 917 manus
1127 876 1273 931 effugit
1294 877 1444 932 imago,

447 949 523 989 par
544 935 703 978 levibus
728 936 860 977 ventis
885 937 1120 990 volucrique
1145 937 1350 978 simillima
1374 952 1528 980 somno.

503 996 666 1039 Interea
688 997 800 1039 videt
821 997 987 1039 Aeneas
1011 998 1054 1039 in
1077 998 1182 1040 valle
1205 999 1373 1040 reducta

449 1058 654 1099 seclusum
677 1073 821 1100 nemus
846 1065 886 1100 et
910 1059 1085 1114 virgulta
1109 1061 1293 1101 sonantia
1317 1061 1442 1110 silvis,

447 1119 777 1174 Lethaeumque,
804 1120 947 1162 domos
970 1121 1152 1175 placidas
1176 1122 1247 1175 qui
1269 1127 1498 1175 praenatat,
1524 1137 1697 1164 amnem.

447 1180 556 1222 hunc
580 1181 733 1222 circum
755 1182 991 1223 innumerae
1015 1189 1158 1237 gentes
1182 1183 1403 1237 populique
1427 1183 1631 1233 volabant,

447 1255 496 1282 ac
518 1241 631 1283 velut
652 1242 696 1283 in
717 1243 843 1296 pratis
870 1242 939 1283 ubi
962 1257 1060 1297 apes
1084 1249 1238 1284 aestate
1264 1258 1407 1285 serena

448 1301 617 1344 floribus
641 1303 823 1344 insidunt
847 1303 968 1344 variis
994 1308 1034 1344 01
1057 1304 1231 1344 candida
1254 1304 1407 1345 circum

447 1362 533 1405 lilia
555 1363 799 1414 funduntur3
826 1364 968 1418 strepit
992 1364 1123 1405 omnis
1147 1379 1354 1405 murmure
1378 1379 1559 1420 campus.

446 1423 642 1466 horrescit
665 1425 758 1466 visu
781 1424 935 1475 subito,
961 1439 1210 1479 caussasque
1233 1426 1401 1479 requirit

445 1485 599 1527 inscius
622 1483 809 1536 Aeneas,
834 1500 939 1540 quae
963 1486 1044 1527 sint
1066 1500 1115 1527 ea
1137 1486 1306 1527 flumina
1326 1501 1460 1541 porro,

446 1547 569 1600 quive
591 1547 669 1588 viri
693 1553 805 1588 tanto
829 1547 1055 1602 conplerint
1077 1548 1239 1603 agmine
1262 1548 1386 1602 ripas.

446 1614 534 1649 tum
556 1613 673 1663 pater
693 1607 920 1659 Anchises;
947 1609 1150 1659 ‚,animae,
1175 1608 1324 1662 quibus
1349 1609 1475 1650 altera
1497 1608 1582 1650 fato

446 1683 617 1724 corpora
638 1668 855 1719 debentur,
879 1670 1056 1711 Lethaei
1080 1670 1132 1711 ad
1155 1670 1510 1712 fluminisundam

447 1744 611 1771 securos
635 1730 777 1772 latices
808 1737 848 1772 et
870 1731 995 1787 longa
1018 1731 1169 1772 oblivia
1190 1737 1345 1786 potant.

445 1791 520 1832 has
545 1791 735 1844 equidem
758 1807 984 1834 memorare
1007 1791 1081 1833 tibi
1105 1798 1226 1846 atque
1250 1793 1463 1834 ostendere
1487 1807 1636 1843 coram,

445 1852 686 1906 iampridem
709 1852 815 1894 hanc
838 1853 995 1907 prolem
1019 1853 1138 1907 cupio
1163 1867 1399 1895 enumerare
1423 1868 1620 1904 meorum,

446 1926 527 1966 quo
551 1913 683 1968 magis
707 1913 828 1954 Italia
851 1928 1013 1955 mecum
1035 1913 1185 1955 laetere
1207 1917 1406 1969 reperta.“

448 1989 499 2025 „o
521 1979 655 2028 pater,
680 1988 786 2014 anne
810 1974 967 2027 aliquas
992 1975 1045 2015 ad
1068 1974 1226 2016 caelum
1248 1975 1344 2016 hinc
1366 1975 1424 2016 ire
1447 1975 1674 2029 putandum
1698 1983 1756 2016 cst

447 2034 642 2076 sublimes
667 2034 842 2084 animas,
868 2035 1096 2088 iterumque
1121 2035 1173 2076 ad
1195 2036 1312 2076 tarda
1333 2036 1481 2076 reverti

446 2096 639 2151 corpora?
662 2110 767 2150 quae
790 2096 893 2138 lucis
918 2097 1076 2138 miseris
1101 2103 1185 2138 tam
1209 2097 1297 2138 dira
1319 2097 1523 2151 cupido‘?“

448 2159 606 2209 „dicam
630 2158 839 2211 equidem,
862 2172 939 2200 1100
961 2163 1001 2200 10
1026 2173 1290 2213 suspensum,
1314 2164 1426 2208 nate,
1451 2157 1623 2200 tenebo“

446 2219 618 2274 suscipit
639 2217 846 2261 Anchises
872 2225 993 2273 atque
1017 2220 1158 2261 ordine
1182 2218 1345 2274 singula
1366 2219 1519 2274 pandit.

503 2279 735 2335 „Principio
760 2279 918 2321 caelum
942 2294 990 2322 ao
1013 2285 1139 2322 terras
1164 2294 1412 2335 camposque
1434 2279 1625 2333 liquentis

445 2341 730 2395 lucentemque
753 2341 923 2396 globum
946 2341 1066 2383 lunae
1090 2341 1333 2395 Titaniaque
1357 2347 1466 2382 astra

446 2402 611 2458 spiritus
635 2402 745 2444 intus
770 2403 858 2452 alit,
884 2408 1092 2457 totamque
1114 2403 1252 2444 infusa
1273 2416 1347 2458 per
1369 2408 1480 2444 artus

445 2478 562 2505 mens
585 2463 714 2519 agitat
736 2463 887 2505 molem
910 2470 951 2505 et
973 2478 1123 2520 magno
1148 2478 1192 2505 se
1217 2477 1384 2518 corpore
1407 2462 1562 2504 miscet.

444 2525 539 2566 inde
563 2524 775 2566 hominum
797 2524 1082 2580 pecudumque
1105 2540 1236 2581 genus
1260 2525 1447 2577 vitaeque
1470 2522 1679 2565 volantum

446 2591 487 2627 et
509 2599 614 2639 quae
638 2600 865 2627 marmoreo
888 2586 968 2627 fert
990 2594 1172 2627 monstra
1196 2585 1272 2628 sub
1297 2598 1471 2638 aequore
1494 2590 1655 2638 pontus.

447 2645 593 2701 igneus
618 2653 681 2688 est
704 2646 794 2688 ollis
817 2647 935 2702 vigor
958 2653 999 2688 et
1021 2647 1207 2689 caelestis
1231 2646 1345 2702 origo

447 2706 689 2757 seminibus,
714 2715 1017 2760 quantum-non
1040 2708 1161 2758 noxia
1184 2721 1352 2761 corpora
1374 2705 1535 2747 tardant
