1780 3074
512 293 814 333 GEORGICON
833 293 931 330 LIB.
950 293 1019 329 111.
1391 282 1447 325 69

80 405 182 445 dum
205 402 389 444 medicas
414 399 611 442 adhibere
635 414 784 441 manus
808 398 863 441 ad
886 398 1057 441 volnera
1078 404 1222 454 pastor
1279 428 1285 431 >
1473 409 1541 439 455

81 466 280 522 abnegat,
306 470 377 506 aut
401 462 572 504 meliora
594 462 695 503 deos
721 461 838 504 sedet
861 461 1001 504 omnia
1022 475 1214 517 poscens.

82 528 184 582 quin
207 527 352 576 etiam,
377 526 462 567 ima
486 524 603 567 dolor
626 523 841 566 balantum
864 524 1007 580 lapsus
1033 523 1087 565 ad
1109 538 1208 565 ossa

11 614 17 618 =
84 606 180 632 cum
204 589 306 632 furit
329 594 453 643 atque
477 594 592 630 artus
617 587 855 643 depascitur
877 587 994 629 arida
1018 586 1158 636 febris,

81 652 238 709 profuit
260 651 454 693 incensos
478 658 619 692 aestus
644 655 830 691 avertere
855 656 897 691 et
919 649 1026 690 inter

80 715 166 757 ima
189 714 311 756 ferire
334 713 453 769 pedis
479 712 694 754 salientem
719 711 922 767 sanguine
945 725 1116 762 venam3
1478 722 1545 752 460

81 777 266 820 Bisaltae
290 790 374 830 quo
397 789 510 815 more
536 773 670 815 solent
693 787 869 827 acerque
896 771 1097 823 Gelonus,

82 855 179 882 cum
202 838 314 894 fugit
336 837 381 878 in
405 836 650 890 Rhodopen·
664 840 790 889 atque
813 835 858 876 in
881 835 1047 876 deserta
1072 833 1273 877 Getarum

82 910 124 944 et
146 902 211 943 lac
234 904 472 942 concretum
496 912 592 939 cum
618 896 820 952 sanguine
843 902 960 952 potat
984 897 1148 951 equino.

81 979 209 1019 quam
231 960 376 1018 procul
400 966 474 1002 aut
495 959 610 1001 molli
634 959 859 1001 succedere
884 959 1051 1016 saepius
1076 959 1249 1002 umbrae

82 1025 256 1076 videris,
282 1030 354 1067 aut
378 1037 562 1065 summas
588 1028 826 1078 carpentem
850 1022 1044 1078 ignavius
1068 1021 1220 1064 herbas
1480 1034 1547 1064 465

83 1098 393 1141 extremamque
418 1084 555 1140 sequi,
580 1091 653 1126 aut
676 1084 814 1126 medio
837 1084 1111 1140 procumbere
1136 1099 1284 1140 campo

82 1155 323 1207 pascentem
346 1155 389 1190 et
412 1162 529 1190 serae
553 1147 686 1189 solam
710 1147 911 1189 decedere
934 1146 1065 1189 nocti:

84 1212 278 1255 continuo
303 1210 470 1266 culpam
493 1209 603 1252 ferro
628 1224 866 1266 compesce,
890 1209 1135 1266 priusquam

84 1275 174 1317 dira
195 1289 271 1330 per
292 1274 505 1315 incautum
529 1278 698 1328 serpant
721 1271 915 1329 contagia
937 1271 1102 1329 volgus.

83 1353 170 1380 non
193 1343 279 1379 tam
302 1335 445 1378 creber
468 1349 598 1391 agens
622 1334 802 1376 hiemem
826 1334 909 1376 ruit
932 1349 1111 1389 aequore
1131 1333 1271 1384 turbo,
1482 1346 1549 1377 470

84 1415 212 1455 quam
234 1398 389 1440 multae
411 1397 620 1453 pecudum
643 1404 797 1453 pestes.
822 1412 900 1439 nec
925 1397 1090 1454 singula
1113 1397 1247 1439 morbi

86 1477 259 1518 corpora
282 1460 525 1516 corripiunt,
552 1460 628 1502 sed
651 1466 738 1502 tota
761 1459 920 1501 aestiva
943 1466 1125 1515 repente,
1147 1512 1151 1517 ἦ

86 1539 287 1581 spemque
305 1537 561 1581 gregemque
580 1523 703 1565 simul
728 1529 1003 1577 cunctamque
1023 1522 1076 1565 ab
1095 1523 1255 1579 origine
1275 1528 1457 1580 gentem.

85 1595 175 1629 tum
199 1587 321 1638 sciat,
347 1586 479 1628 aerias
503 1585 638 1642 Alpes
664 1592 705 1627 et
727 1585 880 1628 Norica
903 1585 940 1627 si
963 1585 1057 1641 quis

86 1650 257 1692 castella
279 1650 323 1692 in
347 1650 516 1692 tumulis
541 1656 582 1692 et
605 1649 778 1705 Iapydis
803 1664 904 1691 arva
928 1649 1095 1691 Timavi
1484 1661 1550 1691 475

85 1726 198 1754 nunc
221 1727 386 1767 quoque
410 1719 508 1768 post
530 1718 644 1754 tanto
667 1711 808 1753 videat
831 1711 1078 1766 desertaque
1101 1726 1232 1768 regna

83 1781 301 1832 pastorum
324 1781 365 1817 et
387 1774 513 1831 longe
537 1774 667 1817 saltus
691 1774 857 1830 lateque
880 1774 1080 1816 vacantis.

143 1836 228 1878 Hic
252 1837 464 1891 quondam
488 1836 634 1879 morbo
658 1837 763 1879 caeli
786 1836 1024 1879 miseranda
1046 1842 1189 1879 coorta
1212 1843 1276 1879 est

85 1906 312 1956 tempestas
337 1906 507 1954 totoque
531 1899 719 1941 autumni
742 1899 956 1941 incanduit
979 1905 1113 1950 aestu,

84 1967 128 2005 et
150 1976 285 2019 genus
309 1977 432 2004 omne
457 1962 549 2004 neci
572 1962 781 2018 pecudum
806 1962 938 2013 dedit,
965 1977 1087 2005 omne
1112 1962 1309 2013 ferarum,
1485 1972 1552 2003 480

86 2023 351 2080 corrupitque
372 2024 509 2075 lacus,
533 2024 678 2066 infecit
701 2024 856 2080 pabula
881 2024 991 2067 tabo.
1011 2072 1015 2080 ¹

28 2139 45 2149 Δ.
86 2101 165 2129 nec
187 2087 256 2129 via
277 2087 421 2129 mortis
446 2093 534 2129 erat
558 2087 754 2143 simplex;
780 2088 856 2130 sed
879 2087 953 2130 ubi
975 2088 1101 2145 ignea
1122 2088 1242 2130 venis

87 2149 279 2192 omnibus
304 2156 397 2192 acta
421 2150 509 2192 sitis
534 2150 708 2192 miseros
733 2150 964 2193 adduxerat
988 2157 1116 2202 artus,

88 2226 231 2253 rursus
256 2211 496 2254 abundabat
517 2212 670 2255 fluidus
694 2212 848 2267 liquor,
874 2213 1095 2268 omniaque
1119 2213 1163 2255 in
1188 2228 1232 2256 se

89 2288 187 2316 ossa
210 2273 443 2315 minutatim
466 2274 612 2317 morbo
637 2275 835 2331 conlapsa
858 2276 1060 2319 trahebat.
1487 2289 1553 2319 485

90 2350 216 2392 saepe
238 2335 283 2377 in
304 2335 461 2378 honore
485 2337 609 2378 deum
632 2337 770 2380 medio
796 2345 910 2380 stans
934 2339 1072 2381 hostia
1095 2339 1150 2381 ad
1173 2354 1300 2389 aram,

89 2397 211 2440 lanea
234 2397 334 2439 dum
357 2398 480 2440 nivea
504 2399 781 2440 circumdatur
802 2399 935 2442 infula
957 2401 1073 2451 vitta,

91 2459 198 2502 inter
221 2460 452 2502 cunctantis
478 2460 626 2502 cecidit
649 2460 898 2503 moribunda
921 2462 1147 2504 ministros

93 2528 165 2564 aut
188 2522 224 2564 si
247 2536 373 2577 quam
398 2522 506 2564 ferro
530 2528 784 2564 mactaverat
807 2529 903 2564 ante
929 2524 1135 2574 sacerdos,

93 2581 189 2625 inde
212 2599 347 2639 neque
370 2584 560 2641 inpositis
586 2584 731 2626 ardent
754 2584 899 2626 altaria
921 2585 1051 2636 fibris,
1487 2598 1554 2630 490

95 2659 171 2687 nec
193 2660 393 2702 responsa
415 2653 552 2702 potest
576 2646 790 2689 consultus
814 2647 988 2689 reddere
1011 2654 1142 2699 vates,

98 2721 147 2748 ac
169 2707 240 2749 vix
264 2709 467 2764 suppositi
490 2709 735 2765 tinguuntur
759 2709 962 2766 sanguine
986 2709 1106 2752 cultri

100 2782 341 2825 summaque
364 2771 503 2814 ieiuna-
527 2772 642 2814 sanie
665 2771 899 2814 infuscatur
921 2787 1058 2815 arena.
