1748 3048
293 946 312 976 5

275 1250 313 1279 10

276 1552 315 1581 15

273 1855 315 1884 20

272 2157 314 2186 25

274 2460 314 2489 30

340 277 394 317 24
739 287 780 319 Ρ.
799 284 1027 320 VERGILII
1046 282 1267 320 MARONlS

977 439 1035 480 X.

851 558 1167 597 GALLUS.

392 690 635 730 Extremum
658 687 784 737 hunc,
810 687 1037 738 Arethusa,
1062 689 1162 730 mihi
1186 690 1362 731 concede
1385 690 1577 732 laborem.

335 765 467 805 pauca
490 764 580 790 meo
606 747 745 798 Gallo,
771 749 844 789 sed
867 763 971 802 quae
995 749 1106 804 legat
1127 750 1218 804 ipsa
1239 750 1428 804 Lycoris,

337 811 516 852 carmina
539 817 632 851 sunt
655 810 844 851 dicenda:
869 816 992 865 neget
1015 811 1106 863 quis
1132 811 1310 852 carmina
1334 810 1480 853 Gallo?

337 872 396 913 sic
420 872 510 921 tibi,
536 886 630 912 cum
652 871 798 912 fluctus
824 871 1100 912 subterlabere
1126 870 1311 921 Sicanos,
1360 913 1363 917 ,

335 933 461 974 Doris
486 947 623 973 amara
647 946 763 973 suam
785 946 867 972 non
890 932 1163 973 intermisceat
1185 933 1349 973 undam.

337 994 488 1048 incipe3
513 993 706 1034 sollicitos
733 990 843 1034 Galli
865 992 1048 1034 dicamus
1073 1007 1245 1042 amores,

338 1055 437 1095 dum
460 1060 598 1095 tenera
621 1053 831 1095 attondent
855 1053 980 1094 simae
1004 1053 1181 1109 virgulta
1205 1054 1395 1108 capellae.

336 1129 418 1156 non
442 1115 624 1156 canimus
650 1114 783 1156 surdis
791 1130 803 1164 ;
827 1114 1075 1168 respondent
1099 1114 1235 1155 omnia
1258 1115 1396 1155 silvae.

395 1175 512 1228 Quae
536 1190 703 1217 nemora
726 1181 796 1217 aut
819 1175 890 1228 qui
912 1190 987 1217 vos
1012 1175 1138 1217 saltus
1162 1175 1358 1224 habuere,
1383 1175 1542 1230 puellae

338 1236 507 1286 Naides,
532 1236 702 1291 indigno
726 1250 819 1277 cum
845 1234 989 1277 Gallus
1015 1250 1150 1277 amore
1172 1236 1354 1291 peribat?

338 1312 434 1337 nam
456 1311 588 1350 neque
612 1296 786 1338 Parnasi
808 1296 925 1338 vobis
949 1297 1062 1352 iuga,
1087 1312 1183 1338 nam
1205 1311 1337 1350 neque
1360 1296 1482 1337 Pindi

337 1358 421 1398 ulla
443 1373 598 1398 moram
621 1357 772 1407 fecere,
798 1371 929 1411 neque
952 1356 1087 1399 Aonie
1110 1356 1342 1413 Aganippe.

337 1418 452 1458 illum
477 1419 598 1459 etiam
621 1418 741 1468 lauri,
768 1418 889 1459 etiam
912 1419 1060 1460 flevere
1083 1419 1260 1473 myricae
1268 1435 1279 1468 3

336 1479 485 1533 pinifer
506 1479 621 1520 illum
645 1479 766 1520 etiam
791 1479 878 1520 sola
902 1479 978 1521 sub
1000 1494 1101 1535 rupe
1123 1480 1322 1520 iacentem

339 1538 575 1589 Maenalus,
601 1545 641 1579 et
663 1539 788 1594 gelidi
810 1539 1009 1580 fleverunt
1033 1555 1133 1581 saxa
1154 1540 1323 1594 Lycaei.

340 1606 448 1641 stant
471 1606 512 1641 et
534 1614 633 1641 oves
658 1601 826 1650 circum,
852 1625 905 1630 —
928 1601 1056 1642 nostri
1078 1614 1154 1641 nec
1176 1601 1354 1654 paenitet
1376 1600 1487 1650 illas3

338 1675 413 1702 nec
437 1666 476 1702 te
498 1661 703 1715 paeniteat
724 1661 900 1715 pecoris,
926 1661 1061 1702 divine
1083 1667 1222 1715 poeta:

339 1727 379 1762 et
401 1721 606 1762 formosus
630 1721 718 1762 ovis
743 1721 796 1762 ad
818 1721 986 1762 fiumina
1007 1722 1121 1776 pavit
1142 1721 1303 1763 Adonis
1329 1746 1382 1751 —-

338 1782 449 1822 venit
472 1787 512 1823 et
535 1781 677 1836 upilio,
703 1782 807 1823 tardi
829 1796 977 1823 venere
1002 1782 1172 1832 subulci,

338 1842 485 1883 uvidus
509 1841 678 1883 hiberna
700 1843 812 1883 venit
834 1843 884 1883 de
907 1843 1056 1898 glande
1078 1842 1303 1884 Menalcas.

339 1916 479 1943 omnes
506 1902 639 1953 „unde
663 1917 778 1943 amor
799 1903 876 1943 iste
887 1905 907 1924 “
932 1908 1103 1958 rogant„
1129 1903 1257 1943 tibi?“
1282 1903 1393 1943 venit
1414 1902 1585 1957 Apollo:

340 1960 504 2012 „Galle,
529 1962 628 2015 quid
649 1962 858 2004 insanis?“
883 1963 1030 2016 inquit,
1049 1958 1154 2013 „tua
1177 1977 1274 2004 cura
1295 1963 1471 2017 Lycoris

337 2036 489 2076 perque
512 2022 627 2064 nives
652 2022 777 2063 alium
798 2037 951 2077 perque
974 2023 1137 2064 horrida
1160 2028 1292 2064 castra
1316 2029 1455 2064 secuta
1478 2028 1579 2064 est.“

338 2083 448 2123 venit
472 2089 512 2123 et
535 2083 685 2138 agresti
709 2084 850 2138 capitis
877 2083 1070 2125 Silvanus
1093 2084 1258 2133 honore,
1564 2092 1572 2095 ”

337 2143 516 2184 florentis
540 2143 690 2184 ferulas
716 2150 756 2185 et
778 2145 948 2199 grandia
970 2145 1054 2185 lilia
1072 2155 1290 2198 quassans.

336 2202 429 2245 Pan
451 2204 551 2244 deus
575 2203 779 2245 Arcadiae
802 2205 930 2255 venit,
956 2219 1078 2258 quem
1103 2205 1277 2246 vidimus
1301 2204 1382 2258 ipsi

339 2264 571 2319 sanguineis
596 2264 706 2306 ebuli
727 2265 840 2306 bacis
864 2266 1070 2319 minioque
1093 2265 1317 2306 rubentem.

340 2325 505 2378 „ecquis
530 2326 604 2366 erit
626 2326 826 2367 modus?“
852 2326 982 2379 inquit
990 2343 1001 2377 ;
1028 2325 1185 2378 „Amor
1206 2340 1290 2367 non
1312 2326 1408 2367 talia
1431 2331 1555 2367 curat.

337 2400 413 2427 nec
434 2386 610 2427 lacrimis
635 2387 807 2428 crudelis
831 2386 979 2437 Amor,
1003 2401 1080 2428 nec
1103 2386 1287 2442 gramina
1307 2386 1417 2435 rivis,

338 2461 413 2487 nec
437 2447 566 2501 cytiso
590 2452 820 2488 saturantur
843 2462 958 2502 apes,
983 2462 1059 2489 nec
1082 2447 1225 2488 fronde
1249 2446 1465 2501 capellae.“

338 2506 464 2547 tristis
489 2512 530 2547 at
552 2507 620 2548 ille
646 2513 807 2558 „tamen
831 2507 1063 2557 cantabitis,
1088 2506 1318 2555 Arcades,“
1343 2506 1473 2558 inquit

341 2567 572 2616 „montibus
596 2567 698 2609 haec
720 2568 884 2609 vestris:
911 2568 987 2609 soli
1010 2574 1172 2609 cantare
1194 2566 1312 2621 periti

339 2625 536 2667 Arcades.
568 2642 592 2668 o
616 2628 715 2670 mihi
738 2634 825 2671 tum
848 2643 971 2682 quam
994 2628 1168 2670 molliter
1190 2641 1284 2668 ossa
1307 2626 1529 2680 quiescant,

340 2692 476 2727 vestra
498 2701 610 2728 meos
635 2688 730 2730 olim
754 2689 789 2731 si
811 2689 947 2730 fistula
970 2689 1078 2731 dicat
1101 2685 1276 2730 amores!
