1820 3054
427 282 508 323 352
824 290 867 323 P.
885 288 1115 324 VERGILH
1133 287 1357 341 MAROisus

342 405 402 434 110
425 391 552 440 venit,
577 389 808 444 Nyctelium
832 388 1013 444 fugiens,
1041 388 1233 430 Cadmeis
1256 387 1417 444 Agave,

423 451 611 492 infandas
636 449 831 491 scelerata
853 463 998 490 manus
1023 454 1064 490 et
1086 449 1210 490 eaede
1234 454 1417 491 eruenta:

423 524 527 564 quae
550 509 695 565 gelidis
719 509 917 551 bacchata
938 509 1046 564 iugis
1070 509 1270 563 requievit
1290 509 1334 550 in
1356 515 1483 561 antro,

420 570 622 624 posterius
645 583 819 624 poenam
842 569 927 610 nati
950 570 1001 611 de
1024 576 1154 611 morte
1176 569 1357 611 datura*

420 631 487 672 hie
510 631 631 672 etiam
654 631 773 672 viridi
795 630 982 672 ludentes
1005 630 1142 672 Panes
1165 631 1209 672 in
1230 631 1358 673 herba

335 704 396 734 115
421 697 461 732 et
485 689 624 746 Satyri
645 691 919 746 Dryadesque
943 691 1086 733 choros
1112 706 1231 747 egere
1254 692 1413 747 puellae

417 752 621 794 Naiadum
645 758 775 794 coetu.
800 758 959 794 tantum
982 767 1065 794 non
1090 751 1283 808 Orpheus
1307 752 1495 795 Hebrum

417 818 638 854 restantem
661 813 790 854 tenuit
811 813 910 868 ripis
936 813 1141 868 silvasque
1165 814 1359 863 canendo,

418 879 615 926 quantum
638 879 678 915 te
701 874 846 928 pernix
868 880 1158 924 remorantem,
1183 875 1294 924 diva,
1321 874 1503 923 choreae,

417 934 545 975 multa
567 940 636 976 tuo
660 934 789 976 laetae
813 934 1030 976 fundentes
1054 935 1205 990 gaudia
1226 935 1353 985 voltu,

331 1006 394 1037 120
416 995 508 1049 ipsa
528 995 608 1036 loci
630 1002 775 1037 natura
798 996 983 1046 domum,
1007 1001 1223 1037 resonante
1248 1010 1425 1044 susurro,

416 1056 508 1109 quis
532 1055 656 1098 dabat
679 1062 719 1098 et
742 1057 852 1098 dulei
874 1057 1007 1098 fessas
1031 1057 1243 1098 refovebat
1264 1057 1307 1097 in
1329 1056 1485 1097 umbra.

415 1131 510 1157 nam
533 1116 708 1171 primum
731 1131 860 1171 prona
884 1117 1106 1173 surgebant
1128 1117 1234 1158 valle
1256 1122 1441 1172 patentes

416 1177 547 1218 aeriae
570 1177 742 1232 platani,
767 1178 871 1219 inter
894 1192 995 1231 quas
1019 1178 1130 1233 inpia
1151 1177 1270 1227 lotos,

415 1238 544 1292 inpia,
570 1252 675 1291 quae
700 1238 831 1280 socios
855 1238 987 1279 Ithaci
1010 1238 1227 1279 maerentis
1251 1237 1400 1292 abegit,

331 1311 392 1341 125
416 1297 580 1352 hospita
603 1298 700 1339 dum
723 1299 849 1339 nimia
872 1299 999 1339 tenuit
1023 1298 1236 1339 dulcedine
1260 1304 1413 1352 captos.

309 1354 316 1359 “
415 1372 481 1407 ae,
506 1357 654 1411 quibus
678 1359 829 1414 insigni
853 1373 974 1400 curru
995 1359 1199 1413 proiectus
1224 1372 1419 1412 equorum

415 1417 627 1460 ambustus
650 1418 867 1460 Phaethon
889 1419 1002 1460 luctu
1024 1424 1253 1460 mutaverat
1276 1425 1399 1467 artus,

413 1478 631 1528 Heliades,
657 1479 804 1520 teneris
828 1479 1016 1534 inplexae
1040 1479 1206 1521 brachia
1228 1479 1393 1529 truncis,

414 1539 587 1580 candida
610 1539 834 1581 fundebant
859 1540 980 1581 tentis
1003 1540 1205 1581 velamina
1227 1540 1363 1581 ramis.

327 1611 390 1642 130
412 1599 633 1654 posterius,
659 1599 724 1641 eui
746 1600 1023 1655 Demophoon
1046 1606 1209 1642 aeterna
1230 1600 1392 1654 reliquit

411 1661 582 1715 perfidia
604 1660 816 1702 lamentari
839 1661 945 1703 male
967 1661 1138 1716 provida
1159 1661 1339 1716 Phyllis3

412 1735 536 1774 quam
561 1721 857 1763 comitabantur
879 1722 1020 1763 fatalia
1044 1722 1223 1763 earmina
1246 1735 1432 1775 quereus,

412 1795 586 1834 quereus
611 1788 704 1823 ante
728 1782 865 1832 datae,
892 1781 1052 1824 Cereris
1078 1797 1201 1836 quam
1226 1782 1399 1832 semina,
1424 1782 1546 1824 vitae:

411 1842 501 1882 illas
527 1841 767 1896 Triptolemi
789 1843 962 1884 mutavit
986 1843 1123 1884 sulcus
1147 1843 1294 1884 aristis.

325 1914 388 1945 135
411 1902 478 1942 hie
501 1917 696 1957 magnum
718 1901 886 1958 Argoae
908 1904 1004 1944 navi
1027 1904 1153 1945 decus
1178 1904 1285 1945 edita
1307 1904 1429 1958 pinus

410 1976 599 2017 proceras
624 1963 788 2004 decorat
812 1964 935 2005 silvas
959 1964 1117 2006 hirsuta
1138 1979 1212 2018 per
1235 1970 1365 2014 artus3

411 2022 565 2076 appetit
587 2023 706 2064 aeriis
731 2023 965 2079 contingere
987 2024 1194 2065 montibus
1219 2030 1329 2065 astra

409 2083 513 2124 ilicis
537 2088 577 2124 et
600 2083 740 2139 nigrae
765 2084 921 2139 speeies
946 2090 986 2125 et
1008 2084 1115 2126 laeta
1138 2099 1376 2139 eupressus3

410 2143 707 2197 umbrosaeque
730 2150 896 2186 monent
919 2144 1060 2200 fagus,
1084 2145 1339 2199 hederaeque
1362 2146 1535 2201 ligantes

323 2217 387 2248 140
410 2203 594 2254 brachia,
619 2204 818 2247 fraternos
841 2205 1010 2261 plangat
1032 2220 1085 2247 ne
1107 2206 1283 2261 populus
1307 2206 1424 2255 ictus,

409 2265 604 2320 ipsaeque
630 2266 833 2307 excedunt
856 2267 909 2308 ad
933 2282 1093 2308 summa
1116 2267 1328 2308 eacumina
1350 2267 1495 2316 lentae,

407 2326 663 2381 pinguntque
686 2327 873 2369 aureolos
895 2327 1015 2368 viridi
1037 2327 1190 2382 pallore
1214 2327 1441 2383 corymbOS,

409 2387 500 2440 quis
524 2387 663 2429 aderat
684 2388 833 2429 veteris
857 2394 1015 2443 myrtus
1038 2402 1121 2430 non
1143 2389 1282 2430 nescia
1305 2389 1390 2430 fati.

409 2453 451 2488 at
476 2447 658 2490 volueres
681 2448 831 2503 patulis
854 2449 1080 2490 residentes
1105 2449 1240 2490 dulcia
1261 2449 1385 2490 ramis

323 2521 385 2551 145
409 2508 588 2549 carmina
609 2522 684 2563 per
705 2509 840 2551 varios
866 2509 991 2550 edunt
1012 2510 1244 2551 resonantia
1267 2515 1423 2551 cantus.

407 2568 471 2609 his
497 2568 661 2610 suberat
683 2569 830 2625 gelidis
853 2584 1024 2612 manans
1048 2584 1071 2611 e
1094 2569 1276 2612 fontibus
1300 2570 1422 2619 unda,

408 2642 512 2681 quae
535 2629 694 2671 levibus
717 2630 923 2685 placidum
945 2630 1043 2672 rivis
1067 2636 1185 2672 sonat
1208 2637 1299 2672 aeta
1320 2630 1529 2683 liquorem.

407 2688 503 2730 hine
524 2689 583 2730 illi
605 2691 790 2746 geminas
814 2691 951 2733 avium
973 2706 1056 2733 vox
1078 2691 1274 2746 obstrepit
1296 2704 1427 2739 aures,
