1794 3048
315 628 377 658 775

317 1235 380 1267 785

404 262 487 303 210
804 268 847 302 Ρ.
866 266 1097 303 VERGILII
1114 265 1338 304 MARONIS

402 370 473 425 qui
494 367 682 411 iuvenes!
707 372 879 421 quantas
904 372 1127 416 ostentant,
1153 367 1308 422 aspice,
1332 368 1443 419 viris,

402 438 523 484 atque
547 428 735 469 umbrata
756 433 904 482 gerunt
927 427 1036 469 civili
1059 433 1242 482 tempora
1265 429 1434 482 quercu!

401 492 443 532 hi
467 490 539 531 tibi
562 489 810 530 Nomentum
834 495 874 529 et
899 486 1055 530 Gabios
1081 488 1305 542 urbemque
1328 490 1540 540 Fidenam,

401 553 444 592 hi
470 551 695 592 Collatinas
720 549 915 604 inponent
937 550 1144 591 montibus
1169 565 1295 600 arces,

402 613 611 654 Pometios
638 611 913 665 Castrumque
935 611 1030 652 Inui
1053 611 1281 665 Bolamque
1307 611 1551 666 Coramque.

401 675 503 715 hacc
526 679 614 714 tum
637 672 804 714 nomina
827 678 962 723 erunt,
986 687 1097 714 nunc
1121 679 1216 715 sunt
1239 673 1326 715 sine
1349 675 1513 716 nomine
1537 680 1679 716 terrae.

403 734 502 788 quin
526 740 568 775 et
591 748 669 775 avo
693 734 884 775 comitem
908 748 999 775 sese
1022 733 1252 775 Mavortius
1277 735 1400 776 addet

402 795 624 844 Romulus,
649 793 848 836 Assaraci
871 809 994 848 quem
1018 795 1229 851 sanguinis
1253 796 1332 837 Ilia
1354 802 1484 837 mater

404 857 561 898 educet.
586 856 728 906 viden,
753 862 799 897 ut
821 856 1009 911 geminae
1034 863 1142 898 stant
1164 857 1315 898 vertice
1339 857 1498 907 cristae,

406 924 446 959 et
468 923 585 972 pater
607 917 697 971 ipse
723 931 797 958 suo
822 932 1016 972 superum
1038 918 1120 959 iam
1145 917 1281 973 signat
1302 918 1479 959 honore?

403 994 473 1028 en,
498 978 638 1028 huius,
663 984 776 1028 nate,
801 979 994 1033 auspiciis
1017 979 1087 1020 illa
1108 979 1261 1020 incluta
1283 979 1417 1020 Roma

405 1039 622 1094 imperium
646 1039 782 1088 terris,
807 1039 965 1081 animos
989 1039 1179 1092 aequabit
1204 1038 1398 1094 Olympo,

404 1107 641 1155 septemque
664 1114 748 1140 una
771 1099 850 1141 sibi
872 1114 989 1141 muro
1013 1100 1280 1142 circumdabit
1304 1114 1431 1150 arces,

403 1162 503 1202 felix
525 1160 639 1215 prole
662 1161 813 1210 virum,
838 1161 970 1214 qualis
994 1160 1239 1216 Berecyntia
1261 1167 1391 1202 mater

403 1222 608 1263 invehitur
631 1235 752 1262 curru
774 1221 979 1276 Phrygias
1004 1222 1146 1263 turrita
1168 1236 1242 1276 per
1263 1221 1399 1271 urbes,

403 1284 511 1325 laeta
534 1283 656 1323 deum
679 1288 817 1336 partu,
843 1288 1004 1323 centum
1030 1282 1228 1336 conplexa
1250 1288 1433 1336 nepotes,

405 1344 537 1385 omnis
561 1343 794 1392 caelicolas,
820 1342 952 1384 omnis
977 1357 1125 1397 supera
1148 1342 1230 1384 alta
1253 1343 1440 1384 tenentis.

404 1405 486 1445 huc
508 1404 694 1460 geminas
717 1417 827 1444 nunc
851 1403 968 1444 flecte
991 1403 1119 1453 acies,
1143 1403 1249 1445 hanc
1272 1403 1409 1458 aspice
1432 1410 1597 1459 gentem

404 1466 696 1519 Romanosque
720 1470 825 1506 tuos.
850 1464 918 1505 hic
943 1464 1098 1506 Caesar
1121 1470 1161 1505 et
1184 1465 1315 1506 omnis
1339 1465 1421 1506 Iuli

319 1540 382 1571 790
434 1526 640 1582 rogenies‚
666 1541 863 1582 magnum
887 1526 990 1567 caeli
1012 1531 1182 1567 ventura
1206 1525 1283 1567 sub
1307 1540 1439 1567 axem.

319 2149 382 2179 800

318 2453 383 2484 805

418 1588 472 1628 iic
496 1587 576 1637 vir,
600 1587 668 1628 hic
692 1592 772 1637 est,
798 1586 871 1628 tibi
895 1601 1017 1640 quem
1039 1586 1221 1641 promitti
1244 1586 1407 1642 saepius
1425 1587 1563 1636 audis,

405 1647 625 1703 Augustus
651 1646 824 1698 Caesar,
850 1648 934 1688 divi
956 1662 1107 1704 genus,
1132 1662 1256 1688 aurea
1279 1648 1428 1688 condet

408 1709 572 1751 saccula
594 1710 665 1764 qui
686 1725 828 1751 rursus
852 1710 977 1752 Latio
1000 1715 1171 1765 regnata
1193 1725 1268 1764 per
1290 1724 1388 1751 arva

410 1770 588 1812 Saturno
612 1771 837 1824 quondam,
863 1786 986 1826 super
1009 1777 1050 1812 et
1073 1769 1344 1813 Garamantas
1369 1777 1410 1812 et
1431 1770 1559 1814 Indos

407 1831 586 1886 proferet
607 1831 841 1886 imperium3
866 1832 971 1873 iacet
995 1837 1110 1873 extra
1133 1832 1266 1873 sidera
1289 1831 1427 1886 tellus,

407 1898 523 1933 extra
546 1893 642 1933 anni
667 1892 846 1945 solisque
869 1893 976 1942 vias,
1001 1892 1073 1934 ubi
1096 1892 1261 1934 caelifer
1283 1891 1404 1933 Atlas

406 1967 526 1994 axem
548 1953 718 1994 humero
741 1959 902 2006 torquet
925 1953 1052 1995 steHis
1075 1953 1310 1994 ardentibus
1334 1958 1486 2007 aptum.

406 2013 528 2055 huius
553 2014 596 2054 in
619 2014 840 2055 adventum
863 2014 946 2055 iam
969 2028 1079 2055 nunc
1102 2019 1143 2055 et
1168 2013 1322 2068 Caspia
1343 2028 1472 2068 regna

406 2074 614 2129 responsis
639 2074 804 2115 horrent
827 2075 965 2116 divom
989 2080 1029 2116 et
1051 2074 1235 2116 Maeotia
1263 2074 1396 2123 tellus,

407 2141 447 2176 et
471 2135 782 2190 septemgemini
806 2135 970 2176 turbant
993 2135 1150 2190 trepida
1173 2135 1276 2176 ostia
1297 2134 1419 2188 Nili.-

406 2210 482 2237 nec
505 2211 601 2237 vero
623 2195 794 2237 Alcides
819 2202 977 2237 tantum
1006 2196 1160 2237 telluris
1185 2196 1324 2245 obivit,

406 2257 540 2298 fixerit
562 2257 794 2312 aeripedem
817 2271 981 2299 cervam
1002 2257 1114 2307 licet,
1140 2263 1210 2298 aut
1232 2255 1477 2311 Erymanthi

406 2318 562 2373 pacarit
584 2333 752 2360 nemora
775 2324 815 2359 et
836 2319 1020 2360 Lernam
1043 2317 1314 2360 tremefecerit
1336 2331 1447 2367 arcu,

408 2394 502 2429 nec,
527 2379 598 2434 qui
619 2380 848 2435 pampineis
872 2381 1002 2421 victor
1023 2380 1122 2435 iuga
1144 2380 1269 2421 flectit
1290 2378 1475 2428 habenis,

406 2440 554 2490 Liber,
580 2455 707 2496 agens
732 2441 842 2483 celso
864 2441 1003 2496 Nysae
1027 2441 1078 2482 de
1101 2441 1252 2483 vertice
1275 2440 1413 2498 tigres.

408 2508 448 2542 et
471 2501 705 2543 dubitamus
729 2502 863 2543 adhuc
885 2502 1078 2543 virtutem
1101 2501 1318 2543 extendere
1341 2499 1473 2549 factis,

408 2568 478 2603 aut
501 2568 633 2603 metus
656 2562 846 2604 Ausonia
867 2562 1056 2617 prohibet
1079 2563 1300 2604 consistere
1324 2559 1454 2602 terra?

408 2623 502 2678 quis,
524 2623 665 2677 procul
687 2623 755 2664 ille
780 2630 916 2664 autem
938 2624 1062 2665 ramis
1086 2623 1258 2679 insignis
1283 2621 1413 2664 olivae

410 2697 525 2724 sacra
548 2683 708 2725 ferens?
731 2699 857 2726 nosco
881 2685 1003 2727 crinis
1026 2685 1252 2739 incanaque
1276 2687 1414 2724 menta
