1820 3080
416 293 497 334 310
814 300 856 332 P.
876 297 1104 333 VERGILII
1122 297 1346 333 MARONIS

412 402 570 443 devovi.
595 400 742 450 ‚solum
765 398 931 439 Aeneas
955 402 1101 439 vocat.‘
1125 404 1165 439 et
1187 403 1305 439 vocet
1328 412 1398 439 oro
1406 414 1417 448 3

412 476 487 503 nee
509 461 694 502 Drances
718 459 871 513 potius,
898 458 983 499 sive
1008 463 1071 499 est
1093 457 1194 500 haec
1216 458 1276 500 ira
1299 458 1478 508 deorum,

411 528 538 562 morte
561 521 663 569 luat,
689 520 775 561 sive
800 525 861 562 est
884 519 1012 560 virtus
1037 524 1076 560 et
1098 518 1245 574 gloria,
1271 518 1422 560 tollat.“

324 597 388 626 445
467 582 533 622 Illi
557 581 657 622 haee
679 581 784 621 inter
807 594 851 621 se
875 578 1010 621 dubiis
1034 580 1085 621 de
1107 579 1231 621 rebus
1255 579 1431 634 agebant

411 647 628 683 certantes:
654 647 787 682 castra
809 640 975 683 Aeneas
1000 640 1209 694 aciemque
1233 639 1434 682 movebat.

411 702 576 743 nuntius
600 701 755 757 ingenti
778 715 852 756 per
873 701 987 756 regia
1010 706 1117 742 tecta
1139 700 1314 742 tumultu

411 777 504 804 ecce
527 762 625 812 ruit,
651 762 892 818 magnisque
915 761 1059 803 urbem
1082 761 1300 804 terroribus
1324 761 1469 816 inplet:

409 824 627 865 instructos
652 825 738 865 acie
762 822 956 865 Tiberino
980 837 1005 864 a
1027 822 1192 865 flumine
1216 822 1397 864 Teucros

322 898 386 927 450
411 884 745 939 Tyrrhenamque
768 898 935 925 manum
958 883 1053 925 totis
1077 883 1322 925 descendere
1346 883 1513 938 eampis.

412 945 616 999 extemplo
641 944 790 987 turbati
814 944 939 986 animi
962 958 1240 998 concussaque
1264 944 1376 999 volgi

409 1013 574 1060 pectora
597 1012 637 1047 et
660 1012 839 1048 arrectae
863 1005 1036 1051 stimulis
1059 1005 1170 1046 haud
1192 1003 1382 1046 mollibus
1405 1004 1501 1045 irae.

410 1082 523 1108 arma
546 1082 668 1108 manu
692 1066 836 1121 trepidi
860 1071 1051 1121 poscunt,
1076 1065 1212 1107 fremit
1234 1080 1347 1106 arma
1368 1065 1571 1113 iuventus,

410 1128 508 1169 flent
530 1128 675 1169 maesti
698 1134 963 1180 mussantque
985 1132 1134 1182 patres.
1158 1125 1225 1170 hie
1247 1125 1426 1180 undique
1450 1126 1601 1167 clamor

328 1203 386 1231 2:25
411 1189 601 1230 dissensu
624 1188 736 1229 vario
760 1202 934 1243 magnus
959 1201 1004 1228 se
1027 1186 1131 1228 tollit
1153 1187 1206 1228 ad
1229 1201 1361 1236 auras,

410 1250 521 1291 haud
545 1264 662 1291 secus
687 1255 808 1303 atque
832 1249 913 1290 alto
937 1248 980 1290 in
1001 1247 1094 1289 luco
1119 1262 1212 1289 cum
1235 1247 1340 1289 forte
1364 1253 1550 1289 catervae

411 1310 629 1351 consedere
655 1310 810 1358 avium,
835 1309 1050 1364 piscosove
1074 1322 1193 1349 amne
1215 1307 1407 1349 Padusae

411 1371 508 1412 dant
532 1371 710 1412 sonitum
731 1370 844 1411 rauci
865 1384 939 1424 per
962 1375 1108 1423 stagna
1129 1368 1316 1421 loquacia
1339 1369 1467 1423 cycni.

413 1432 607 1483 „immo,“
635 1432 707 1481 ait,
735 1446 784 1482 „0
808 1431 963 1479 cives‚“
989 1435 1149 1485 arrepto
1172 1435 1353 1484 tempore
1377 1429 1556 1479 Turnus,

322 1506 387 1535 460
414 1493 572 1547 „cogite
597 1492 812 1534 concilium
836 1497 877 1533 et
898 1506 1043 1546 pacem
1065 1490 1228 1532 laudate
1253 1491 1461 1540 sedentes;

409 1553 468 1594 illi
490 1553 613 1595 armis
637 1554 679 1594 in
702 1567 828 1608 regna
850 1554 1011 1594 ruunt.“
1036 1566 1112 1593 nee
1134 1551 1252 1606 plura
1274 1551 1433 1593 locutus

410 1614 602 1668 corripuit
626 1629 716 1655 sese
741 1620 781 1654 et
804 1613 921 1654 tectis
946 1613 1050 1655 citus
1074 1612 1217 1654 extulit
1241 1611 1345 1653 altis.

412 1681 499 1725 „tu,
525 1673 699 1724 Voluse‚
725 1675 872 1716 armari
896 1673 1140 1716 Volscorum
1164 1673 1276 1714 edice
1299 1673 1500 1728 maniplis,

410 1736 514 1777 duc“
540 1735 596 1776 ait
622 1742 687 1786 „et
711 1735 898 1777 Rutulos.
923 1735 1118 1789 equitem,
1144 1733 1384 1789 Messapus,
1409 1734 1451 1775 in
1475 1734 1611 1783 armis,

323 1811 385 1839 465
411 1803 450 1837 et
474 1810 567 1837 eum
590 1796 714 1837 fratre
740 1796 888 1846 Coras,
913 1796 1004 1837 latis
1029 1795 1242 1836 diffundite
1267 1795 1433 1850 campis.

409 1872 503 1912 pars
531 1857 663 1898 aditus
688 1856 799 1897 urbis
824 1857 973 1905 firmet,
999 1856 1200 1909 turrisque
1225 1861 1430 1910 capessat3

411 1924 562 1966 cetera,
588 1931 669 1970 qua
691 1917 823 1966 iusso,
849 1931 1009 1958 mecum
1032 1931 1177 1958 manus
1201 1916 1348 1957 inferat
1371 1919 1522 1958 arma.“

409 1978 518 2018 ilicet
540 1978 582 2017 in
606 1992 742 2019 muros
767 1983 851 2018 tota
874 1977 1111 2018 discurritur
1132 1976 1245 2018 urbe.

411 2038 624 2079 concilium
648 2038 736 2092 ipse
760 2044 874 2093 pater
897 2043 937 2078 et
959 2052 1109 2093 magna
1131 2037 1292 2091 incepta
1315 2037 1490 2078 Latinus

323 2112 387 2142 470
411 2098 561 2140 deserit
583 2112 631 2140 ac
655 2098 759 2140 tristi
782 2098 966 2140 turbatus
991 2103 1173 2153 tempore
1197 2098 1344 2146 differt,

411 2159 619 2213 multaque
644 2174 687 2201 se
711 2159 887 2208 incusat,
913 2158 984 2212 qui
1006 2173 1090 2200 non
1112 2158 1312 2213 acceperit
1334 2158 1440 2200 ultro

408 2220 665 2262 Dardanium
688 2219 879 2269 Aenean,
904 2233 1180 2275 generumque
1204 2218 1420 2260 adsciverit
1442 2219 1544 2260 urbi.

409 2281 666 2336 Praefodiunt
692 2281 759 2323 alii
783 2287 919 2336 portas
944 2287 1014 2322 aut
1037 2296 1138 2323 saxa
1162 2280 1367 2334 sudesque

412 2342 660 2384 subvectant.
688 2341 794 2383 bello
817 2342 886 2383 dat
910 2342 1074 2397 signum
1096 2356 1220 2383 rauca
1242 2346 1453 2383 cruentum

323 2416 386 2446 475
411 2403 570 2445 bucina.
595 2410 681 2444 tum
706 2418 843 2445 muros
868 2404 980 2446 varia
1003 2403 1164 2445 cinxere
1188 2417 1337 2444 corona

409 2471 616 2506 matronae
639 2465 853 2519 puerique3
877 2471 997 2507 vocat
1018 2463 1134 2506 labor
1155 2464 1321 2505 ultimus
1346 2463 1488 2505 omnis.

410 2540 486 2565 nee
510 2540 591 2566 non
615 2526 668 2566 ad
691 2526 888 2585 templum
912 2539 1174 2578 summasque
1197 2525 1250 2566 ad
1272 2523 1452 2566 Palladis
1477 2538 1589 2564 arces

413 2586 650 2627 subvehitur
672 2601 822 2645 magna
844 2592 1019 2630 matrum
1041 2586 1182 2641 regina
1205 2591 1378 2635 caterva,

412 2647 518 2687 dona
541 2646 693 2696 ferens,
717 2647 911 2702 iuxtaque
935 2661 1070 2689 comes
1094 2646 1272 2689 Lavinia
1293 2645 1421 2700 virgo,

326 2721 387 2749 v150
413 2722 558 2748 caussa
581 2708 676 2748 mali
701 2708 819 2757 tanti,
844 2703 982 2749 oculos
1007 2707 1163 2751 deiecta
1186 2707 1365 2748 decoros.
