<?xml version="1.0" encoding="UTF-8"?>
<!DOCTYPE html PUBLIC "-//W3C//DTD XHTML 1.0 Transitional//EN"
    "http://www.w3.org/TR/xhtml1/DTD/xhtml1-transitional.dtd">
<html xmlns="http://www.w3.org/1999/xhtml" xml:lang="en" lang="en">
 <head>
  <title>
</title>
<meta http-equiv="Content-Type" content="text/html;charset=utf-8" />
  <meta name='ocr-system' content='tesseract 3.04.00' />
  <meta name='ocr-capabilities' content='ocr_page ocr_carea ocr_par ocr_line ocrx_word'/>
</head>
<body>
  <div class='ocr_page' id='page_1' title='image "./operavirg00virguoft_0088.png"; bbox 0 0 1794 3048; ppageno 0'>
   <div class='ocr_carea' id='block_1_1' title="bbox 266 555 330 585">
    <p class='ocr_par' dir='ltr' id='par_1_1' title="bbox 266 555 330 585">
     <span class='ocr_line' id='line_1_1' title="bbox 266 555 330 585; baseline 0 0"><span class='ocrx_word' id='word_1_1' title='bbox 266 555 330 585; x_wconf 85' lang='lat'>500</span> 
     </span>
    </p>
   </div>
   <div class='ocr_carea' id='block_1_2' title="bbox 266 858 329 887">
    <p class='ocr_par' dir='ltr' id='par_1_2' title="bbox 266 858 329 887">
     <span class='ocr_line' id='line_1_2' title="bbox 266 858 329 887; baseline 0 0"><span class='ocrx_word' id='word_1_2' title='bbox 266 858 329 887; x_wconf 83' lang='lat'>505</span> 
     </span>
    </p>
   </div>
   <div class='ocr_carea' id='block_1_3' title="bbox 267 1162 331 1192">
    <p class='ocr_par' dir='ltr' id='par_1_3' title="bbox 267 1162 331 1192">
     <span class='ocr_line' id='line_1_3' title="bbox 267 1162 331 1192; baseline -0.016 0"><span class='ocrx_word' id='word_1_3' title='bbox 267 1162 331 1192; x_wconf 82' lang='lat'>510</span> 
     </span>
    </p>
   </div>
   <div class='ocr_carea' id='block_1_4' title="bbox 267 1465 331 1495">
    <p class='ocr_par' dir='ltr' id='par_1_4' title="bbox 267 1465 331 1495">
     <span class='ocr_line' id='line_1_4' title="bbox 267 1465 331 1495; baseline 0.016 -1"><span class='ocrx_word' id='word_1_4' title='bbox 267 1465 331 1495; x_wconf 86' lang='lat'>515</span> 
     </span>
    </p>
   </div>
   <div class='ocr_carea' id='block_1_5' title="bbox 269 1769 332 1798">
    <p class='ocr_par' dir='ltr' id='par_1_5' title="bbox 269 1769 332 1798">
     <span class='ocr_line' id='line_1_5' title="bbox 269 1769 332 1798; baseline 0.016 -1"><span class='ocrx_word' id='word_1_5' title='bbox 269 1769 332 1798; x_wconf 84' lang='lat'>520</span> 
     </span>
    </p>
   </div>
   <div class='ocr_carea' id='block_1_6' title="bbox 270 2071 333 2101">
    <p class='ocr_par' dir='ltr' id='par_1_6' title="bbox 270 2071 333 2101">
     <span class='ocr_line' id='line_1_6' title="bbox 270 2071 333 2101; baseline 0 0"><span class='ocrx_word' id='word_1_6' title='bbox 270 2071 333 2101; x_wconf 81' lang='lat'>525</span> 
     </span>
    </p>
   </div>
   <div class='ocr_carea' id='block_1_7' title="bbox 354 310 1286 354">
    <p class='ocr_par' dir='ltr' id='par_1_7' title="bbox 354 310 1286 354">
     <span class='ocr_line' id='line_1_7' title="bbox 354 310 1286 354; baseline 0.002 -3"><span class='ocrx_word' id='word_1_7' title='bbox 354 310 408 351; x_wconf 82' lang='grc'>56</span> <span class='ocrx_word' id='word_1_8' title='bbox 755 319 798 352; x_wconf 90' lang='grc' dir='ltr'>Ρ.</span> <span class='ocrx_word' id='word_1_9' title='bbox 817 318 1045 354; x_wconf 85' lang='lat' dir='ltr'><strong>VERGILII</strong></span> <span class='ocrx_word' id='word_1_10' title='bbox 1065 316 1286 353; x_wconf 79' lang='lat' dir='ltr'><strong>MARONIS</strong></span> 
     </span>
    </p>
   </div>
   <div class='ocr_carea' id='block_1_8' title="bbox 352 419 1519 2357">
    <p class='ocr_par' dir='ltr' id='par_1_8' title="bbox 353 419 1449 776">
     <span class='ocr_line' id='line_1_8' title="bbox 354 419 1449 473; baseline -0.001 -11"><span class='ocrx_word' id='word_1_11' title='bbox 354 435 436 462; x_wconf 89' lang='lat' dir='ltr'>non</span> <span class='ocrx_word' id='word_1_12' title='bbox 458 434 523 461; x_wconf 89' lang='lat' dir='ltr'>res</span> <span class='ocrx_word' id='word_1_13' title='bbox 547 419 757 460; x_wconf 85' lang='lat' dir='ltr'>Romanae</span> <span class='ocrx_word' id='word_1_14' title='bbox 779 419 1037 472; x_wconf 82' lang='lat' dir='ltr'><strong>perituraque</strong></span> <span class='ocrx_word' id='word_1_15' title='bbox 1060 433 1204 473; x_wconf 72' lang='lat' dir='ltr'>regna,</span> <span class='ocrx_word' id='word_1_16' title='bbox 1227 433 1359 472; x_wconf 90' lang='lat' dir='ltr'>neque</span> <span class='ocrx_word' id='word_1_17' title='bbox 1382 420 1449 461; x_wconf 86' lang='lat' dir='ltr'>ille</span> 
     </span>
     <span class='ocr_line' id='line_1_9' title="bbox 354 479 1442 533; baseline -0.001 -11"><span class='ocrx_word' id='word_1_18' title='bbox 354 487 424 522; x_wconf 91' lang='lat' dir='ltr'>aut</span> <span class='ocrx_word' id='word_1_19' title='bbox 446 480 575 522; x_wconf 89' lang='lat' dir='ltr'>doluit</span> <span class='ocrx_word' id='word_1_20' title='bbox 597 480 794 520; x_wconf 87' lang='lat' dir='ltr'>miserans</span> <span class='ocrx_word' id='word_1_21' title='bbox 819 479 982 533; x_wconf 84' lang='lat' dir='ltr'>inopem</span> <span class='ocrx_word' id='word_1_22' title='bbox 1006 485 1076 519; x_wconf 87' lang='lat' dir='ltr'>aut</span> <span class='ocrx_word' id='word_1_23' title='bbox 1097 479 1243 520; x_wconf 86' lang='lat' dir='ltr'>invidit</span> <span class='ocrx_word' id='word_1_24' title='bbox 1264 479 1442 521; x_wconf 84' lang='lat' dir='ltr'><strong>habenti.</strong></span> 
     </span>
     <span class='ocr_line' id='line_1_10' title="bbox 353 539 1336 595; baseline -0.002 -12"><span class='ocrx_word' id='word_1_25' title='bbox 353 556 456 595; x_wconf 93' lang='lat' dir='ltr'>quos</span> <span class='ocrx_word' id='word_1_26' title='bbox 479 540 583 581; x_wconf 91' lang='lat' dir='ltr'>rami</span> <span class='ocrx_word' id='word_1_27' title='bbox 604 539 779 589; x_wconf 85' lang='lat' dir='ltr'>fructus,</span> <span class='ocrx_word' id='word_1_28' title='bbox 805 553 908 592; x_wconf 91' lang='lat' dir='ltr'>quos</span> <span class='ocrx_word' id='word_1_29' title='bbox 932 539 1021 594; x_wconf 88' lang='lat' dir='ltr'>ipsa</span> <span class='ocrx_word' id='word_1_30' title='bbox 1043 539 1220 581; x_wconf 88' lang='lat' dir='ltr'>volentia</span> <span class='ocrx_word' id='word_1_31' title='bbox 1241 555 1336 594; x_wconf 78' lang='lat' dir='ltr'>rura</span> 
     </span>
     <span class='ocr_line' id='line_1_11' title="bbox 356 599 1330 656; baseline -0.001 -13"><span class='ocrx_word' id='word_1_32' title='bbox 356 607 499 656; x_wconf 91' lang='lat' dir='ltr'>sponte</span> <span class='ocrx_word' id='word_1_33' title='bbox 523 600 652 640; x_wconf 87' lang='lat' dir='ltr'>tulere</span> <span class='ocrx_word' id='word_1_34' title='bbox 677 614 770 650; x_wconf 92' lang='lat' dir='ltr'>sua,</span> <span class='ocrx_word' id='word_1_35' title='bbox 796 599 964 654; x_wconf 85' lang='lat' dir='ltr'>carpsit,</span> <span class='ocrx_word' id='word_1_36' title='bbox 988 614 1064 641; x_wconf 88' lang='lat' dir='ltr'>nec</span> <span class='ocrx_word' id='word_1_37' title='bbox 1087 600 1219 641; x_wconf 83' lang='lat' dir='ltr'>ferrea</span> <span class='ocrx_word' id='word_1_38' title='bbox 1241 601 1330 642; x_wconf 88' lang='lat' dir='ltr'>iura</span> 
     </span>
     <span class='ocr_line' id='line_1_12' title="bbox 353 660 1394 716; baseline 0 -14"><span class='ocrx_word' id='word_1_39' title='bbox 353 662 624 714; x_wconf 87' lang='lat' dir='ltr'>insanumque</span> <span class='ocrx_word' id='word_1_40' title='bbox 648 660 783 702; x_wconf 90' lang='lat' dir='ltr'>forum</span> <span class='ocrx_word' id='word_1_41' title='bbox 806 667 877 702; x_wconf 88' lang='lat' dir='ltr'>aut</span> <span class='ocrx_word' id='word_1_42' title='bbox 898 661 1040 716; x_wconf 84' lang='lat' dir='ltr'>populi</span> <span class='ocrx_word' id='word_1_43' title='bbox 1063 661 1261 702; x_wconf 88' lang='lat' dir='ltr'>tabularia</span> <span class='ocrx_word' id='word_1_44' title='bbox 1283 661 1394 702; x_wconf 81' lang='lat' dir='ltr'>vidit.</span> 
     </span>
     <span class='ocr_line' id='line_1_13' title="bbox 354 721 1303 776; baseline -0.001 -13"><span class='ocrx_word' id='word_1_45' title='bbox 354 722 569 763; x_wconf 82' lang='lat' dir='ltr'>sollicitant</span> <span class='ocrx_word' id='word_1_46' title='bbox 592 721 660 762; x_wconf 90' lang='lat' dir='ltr'>alii</span> <span class='ocrx_word' id='word_1_47' title='bbox 682 722 805 762; x_wconf 89' lang='lat' dir='ltr'>remis</span> <span class='ocrx_word' id='word_1_48' title='bbox 829 721 934 763; x_wconf 85' lang='lat' dir='ltr'>freta</span> <span class='ocrx_word' id='word_1_49' title='bbox 957 736 1078 763; x_wconf 87' lang='lat' dir='ltr'>caeca</span> <span class='ocrx_word' id='word_1_50' title='bbox 1100 727 1303 776; x_wconf 88' lang='lat' dir='ltr'>ruuntque</span> 
     </span>
    </p>

    <p class='ocr_par' dir='ltr' id='par_1_9' title="bbox 353 782 1378 839">
     <span class='ocr_line' id='line_1_14' title="bbox 353 782 1378 839; baseline 0.001 -16"><span class='ocrx_word' id='word_1_51' title='bbox 353 783 396 823; x_wconf 91' lang='lat' dir='ltr'>in</span> <span class='ocrx_word' id='word_1_52' title='bbox 419 782 588 832; x_wconf 83' lang='lat' dir='ltr'>sermm,</span> <span class='ocrx_word' id='word_1_53' title='bbox 613 789 826 837; x_wconf 88' lang='lat' dir='ltr'>penetrant</span> <span class='ocrx_word' id='word_1_54' title='bbox 850 783 964 824; x_wconf 89' lang='lat' dir='ltr'>aulas</span> <span class='ocrx_word' id='word_1_55' title='bbox 990 789 1030 824; x_wconf 90' lang='lat' dir='ltr'>et</span> <span class='ocrx_word' id='word_1_56' title='bbox 1052 783 1193 824; x_wconf 87' lang='lat' dir='ltr'>limina</span> <span class='ocrx_word' id='word_1_57' title='bbox 1215 797 1378 839; x_wconf 81' lang='lat' dir='ltr'>regum3</span> 
     </span>
    </p>

    <p class='ocr_par' dir='ltr' id='par_1_10' title="bbox 353 843 1392 898">
     <span class='ocr_line' id='line_1_15' title="bbox 353 843 1392 898; baseline 0 -14"><span class='ocrx_word' id='word_1_58' title='bbox 353 843 420 885; x_wconf 92' lang='lat' dir='ltr'>hic</span> <span class='ocrx_word' id='word_1_59' title='bbox 442 843 543 898; x_wconf 84' lang='lat' dir='ltr'>petit</span> <span class='ocrx_word' id='word_1_60' title='bbox 567 843 734 885; x_wconf 87' lang='lat' dir='ltr'>excidiis</span> <span class='ocrx_word' id='word_1_61' title='bbox 759 843 903 885; x_wconf 87' lang='lat' dir='ltr'>urbem</span> <span class='ocrx_word' id='word_1_62' title='bbox 926 844 1178 897; x_wconf 90' lang='lat' dir='ltr'>miserosque</span> <span class='ocrx_word' id='word_1_63' title='bbox 1201 843 1392 892; x_wconf 81' lang='lat' dir='ltr'>Penates,</span> 
     </span>
    </p>

    <p class='ocr_par' dir='ltr' id='par_1_11' title="bbox 353 903 1344 1020">
     <span class='ocr_line' id='line_1_16' title="bbox 353 903 1328 960; baseline 0 -15"><span class='ocrx_word' id='word_1_64' title='bbox 353 911 398 945; x_wconf 90' lang='lat' dir='ltr'>ut</span> <span class='ocrx_word' id='word_1_65' title='bbox 421 919 586 960; x_wconf 87' lang='lat' dir='ltr'>gemma</span> <span class='ocrx_word' id='word_1_66' title='bbox 609 903 722 946; x_wconf 86' lang='lat' dir='ltr'>bibat</span> <span class='ocrx_word' id='word_1_67' title='bbox 745 910 786 945; x_wconf 88' lang='lat' dir='ltr'>et</span> <span class='ocrx_word' id='word_1_68' title='bbox 811 903 988 946; x_wconf 88' lang='lat' dir='ltr'>Sarrano</span> <span class='ocrx_word' id='word_1_69' title='bbox 1012 905 1185 946; x_wconf 83' lang='lat' dir='ltr'>dormiat</span> <span class='ocrx_word' id='word_1_70' title='bbox 1208 911 1328 946; x_wconf 85' lang='lat' dir='ltr'>ostro.</span> 
     </span>
     <span class='ocr_line' id='line_1_17' title="bbox 355 965 1344 1020; baseline 0 -14"><span class='ocrx_word' id='word_1_71' title='bbox 355 965 493 1006; x_wconf 87' lang='lat' dir='ltr'>condit</span> <span class='ocrx_word' id='word_1_72' title='bbox 516 979 615 1020; x_wconf 87' lang='lat' dir='ltr'>opes</span> <span class='ocrx_word' id='word_1_73' title='bbox 640 965 743 1006; x_wconf 87' lang='lat' dir='ltr'>alius</span> <span class='ocrx_word' id='word_1_74' title='bbox 767 965 1014 1019; x_wconf 85' lang='lat' dir='ltr'>defossoque</span> <span class='ocrx_word' id='word_1_75' title='bbox 1038 965 1204 1006; x_wconf 89' lang='lat' dir='ltr'>incubat</span> <span class='ocrx_word' id='word_1_76' title='bbox 1227 980 1344 1014; x_wconf 82' lang='lat' dir='ltr'>auro3</span> 
     </span>
    </p>

    <p class='ocr_par' dir='ltr' id='par_1_12' title="bbox 352 1026 1507 1262">
     <span class='ocr_line' id='line_1_18' title="bbox 353 1026 1507 1081; baseline 0 -15"><span class='ocrx_word' id='word_1_77' title='bbox 353 1026 419 1066; x_wconf 91' lang='lat' dir='ltr'>hic</span> <span class='ocrx_word' id='word_1_78' title='bbox 444 1031 579 1081; x_wconf 84' lang='lat' dir='ltr'>stupet</span> <span class='ocrx_word' id='word_1_79' title='bbox 602 1026 795 1067; x_wconf 88' lang='lat' dir='ltr'>attonitus</span> <span class='ocrx_word' id='word_1_80' title='bbox 818 1027 978 1075; x_wconf 87' lang='lat' dir='ltr'>rostris,</span> <span class='ocrx_word' id='word_1_81' title='bbox 1002 1026 1112 1067; x_wconf 93' lang='lat' dir='ltr'>hunc</span> <span class='ocrx_word' id='word_1_82' title='bbox 1134 1026 1304 1081; x_wconf 83' lang='lat' dir='ltr'><strong>plausus</strong></span> <span class='ocrx_word' id='word_1_83' title='bbox 1329 1026 1507 1067; x_wconf 75' lang='lat' dir='ltr'>hiantem</span> 
     </span>
     <span class='ocr_line' id='line_1_19' title="bbox 352 1086 1485 1142; baseline -0.001 -14"><span class='ocrx_word' id='word_1_84' title='bbox 352 1101 426 1142; x_wconf 89' lang='lat' dir='ltr'>per</span> <span class='ocrx_word' id='word_1_85' title='bbox 449 1101 598 1128; x_wconf 89' lang='lat' dir='ltr'>cuneos</span> <span class='ocrx_word' id='word_1_86' title='bbox 622 1087 852 1142; x_wconf 83' lang='lat' dir='ltr'>geminatus</span> <span class='ocrx_word' id='word_1_87' title='bbox 877 1087 984 1128; x_wconf 88' lang='lat' dir='ltr'>enim</span> <span class='ocrx_word' id='word_1_88' title='bbox 1006 1086 1220 1142; x_wconf 84' lang='lat' dir='ltr'>plebisque</span> <span class='ocrx_word' id='word_1_89' title='bbox 1242 1093 1485 1142; x_wconf 87' lang='lat' dir='ltr'>patrumque</span> 
     </span>
     <span class='ocr_line' id='line_1_20' title="bbox 354 1148 1377 1203; baseline 0 -14"><span class='ocrx_word' id='word_1_90' title='bbox 354 1148 564 1203; x_wconf 84' lang='lat' dir='ltr'>corripuit3</span> <span class='ocrx_word' id='word_1_91' title='bbox 589 1149 769 1203; x_wconf 82' lang='lat' dir='ltr'>&#39;gaudent</span> <span class='ocrx_word' id='word_1_92' title='bbox 792 1148 948 1203; x_wconf 85' lang='lat' dir='ltr'>perfusi</span> <span class='ocrx_word' id='word_1_93' title='bbox 973 1148 1170 1203; x_wconf 87' lang='lat' dir='ltr'>sanguine</span> <span class='ocrx_word' id='word_1_94' title='bbox 1194 1148 1377 1197; x_wconf 80' lang='lat' dir='ltr'>fratrum,</span> 
     </span>
     <span class='ocr_line' id='line_1_21' title="bbox 354 1209 1318 1262; baseline -0.001 -12"><span class='ocrx_word' id='word_1_95' title='bbox 354 1209 578 1262; x_wconf 85' lang='lat' dir='ltr'>exsilioque</span> <span class='ocrx_word' id='word_1_96' title='bbox 602 1209 744 1250; x_wconf 91' lang='lat' dir='ltr'>domos</span> <span class='ocrx_word' id='word_1_97' title='bbox 769 1215 808 1250; x_wconf 89' lang='lat' dir='ltr'>et</span> <span class='ocrx_word' id='word_1_98' title='bbox 831 1209 966 1250; x_wconf 87' lang='lat' dir='ltr'>dulcia</span> <span class='ocrx_word' id='word_1_99' title='bbox 987 1209 1127 1250; x_wconf 87' lang='lat' dir='ltr'>limina</span> <span class='ocrx_word' id='word_1_100' title='bbox 1150 1214 1318 1258; x_wconf 83' lang='lat' dir='ltr'>mutant,</span> 
     </span>
    </p>

    <p class='ocr_par' dir='ltr' id='par_1_13' title="bbox 354 1269 1440 1385">
     <span class='ocr_line' id='line_1_22' title="bbox 354 1269 1440 1324; baseline -0.001 -13"><span class='ocrx_word' id='word_1_101' title='bbox 354 1276 475 1323; x_wconf 87' lang='lat' dir='ltr'>atque</span> <span class='ocrx_word' id='word_1_102' title='bbox 500 1270 578 1311; x_wconf 88' lang='lat' dir='ltr'>alio</span> <span class='ocrx_word' id='word_1_103' title='bbox 601 1269 772 1324; x_wconf 88' lang='lat' dir='ltr'>patriam</span> <span class='ocrx_word' id='word_1_104' title='bbox 796 1275 995 1324; x_wconf 87' lang='lat' dir='ltr'>quaerunt</span> <span class='ocrx_word' id='word_1_105' title='bbox 1020 1269 1096 1311; x_wconf 92' lang='lat' dir='ltr'>sub</span> <span class='ocrx_word' id='word_1_106' title='bbox 1122 1269 1206 1311; x_wconf 92' lang='lat' dir='ltr'>sole</span> <span class='ocrx_word' id='word_1_107' title='bbox 1229 1270 1440 1311; x_wconf 86' lang='lat' dir='ltr'>iacentem.</span> 
     </span>
     <span class='ocr_line' id='line_1_23' title="bbox 355 1330 1263 1385; baseline 0 -14"><span class='ocrx_word' id='word_1_108' title='bbox 355 1330 534 1385; x_wconf 84' lang='lat' dir='ltr'>agricola</span> <span class='ocrx_word' id='word_1_109' title='bbox 555 1330 724 1371; x_wconf 86' lang='lat' dir='ltr'>incurvo</span> <span class='ocrx_word' id='word_1_110' title='bbox 748 1336 896 1372; x_wconf 84' lang='lat' dir='ltr'>terram</span> <span class='ocrx_word' id='word_1_111' title='bbox 920 1330 1089 1371; x_wconf 89' lang='lat' dir='ltr'>dimovit</span> <span class='ocrx_word' id='word_1_112' title='bbox 1113 1336 1263 1371; x_wconf 87' lang='lat' dir='ltr'>aratro:</span> 
     </span>
    </p>

    <p class='ocr_par' dir='ltr' id='par_1_14' title="bbox 354 1391 1519 1568">
     <span class='ocr_line' id='line_1_24' title="bbox 354 1391 1486 1445; baseline 0 -13"><span class='ocrx_word' id='word_1_113' title='bbox 354 1391 449 1432; x_wconf 92' lang='lat' dir='ltr'>hinc</span> <span class='ocrx_word' id='word_1_114' title='bbox 472 1391 567 1432; x_wconf 89' lang='lat' dir='ltr'>anni</span> <span class='ocrx_word' id='word_1_115' title='bbox 589 1391 720 1441; x_wconf 89' lang='lat' dir='ltr'>labor,</span> <span class='ocrx_word' id='word_1_116' title='bbox 746 1391 841 1432; x_wconf 89' lang='lat' dir='ltr'>hinc</span> <span class='ocrx_word' id='word_1_117' title='bbox 863 1391 1035 1445; x_wconf 85' lang='lat' dir='ltr'>patriam</span> <span class='ocrx_word' id='word_1_118' title='bbox 1058 1405 1286 1445; x_wconf 87' lang='lat' dir='ltr'>parvosque</span> <span class='ocrx_word' id='word_1_119' title='bbox 1309 1391 1486 1432; x_wconf 79' lang='lat' dir='ltr'>Penates</span> 
     </span>
     <span class='ocr_line' id='line_1_25' title="bbox 357 1451 1519 1506; baseline -0.001 -13"><span class='ocrx_word' id='word_1_120' title='bbox 357 1453 546 1501; x_wconf 86' lang='lat' dir='ltr'>sustinet,</span> <span class='ocrx_word' id='word_1_121' title='bbox 570 1451 666 1492; x_wconf 88' lang='lat' dir='ltr'>hinc</span> <span class='ocrx_word' id='word_1_122' title='bbox 689 1458 871 1493; x_wconf 90' lang='lat' dir='ltr'>armenta</span> <span class='ocrx_word' id='word_1_123' title='bbox 893 1451 1020 1493; x_wconf 91' lang='lat' dir='ltr'>boum</span> <span class='ocrx_word' id='word_1_124' title='bbox 1043 1452 1289 1506; x_wconf 88' lang='lat' dir='ltr'>meritosque</span> <span class='ocrx_word' id='word_1_125' title='bbox 1311 1452 1519 1494; x_wconf 83' lang='lat' dir='ltr'>iuvencos.</span> 
     </span>
     <span class='ocr_line' id='line_1_26' title="bbox 355 1512 1380 1568; baseline 0.001 -15"><span class='ocrx_word' id='word_1_126' title='bbox 355 1527 431 1554; x_wconf 92' lang='lat' dir='ltr'>nec</span> <span class='ocrx_word' id='word_1_127' title='bbox 454 1512 632 1566; x_wconf 80' lang='lat' dir='ltr'>requies,</span> <span class='ocrx_word' id='word_1_128' title='bbox 658 1513 757 1566; x_wconf 88' lang='lat' dir='ltr'>quin</span> <span class='ocrx_word' id='word_1_129' title='bbox 781 1518 851 1554; x_wconf 90' lang='lat' dir='ltr'>aut</span> <span class='ocrx_word' id='word_1_130' title='bbox 873 1513 1006 1568; x_wconf 90' lang='lat' dir='ltr'>pomis</span> <span class='ocrx_word' id='word_1_131' title='bbox 1031 1512 1226 1554; x_wconf 84' lang='lat' dir='ltr'>exuberet</span> <span class='ocrx_word' id='word_1_132' title='bbox 1249 1527 1380 1554; x_wconf 90' lang='lat' dir='ltr'>annus</span> 
     </span>
    </p>

    <p class='ocr_par' dir='ltr' id='par_1_15' title="bbox 354 1572 1440 1810">
     <span class='ocr_line' id='line_1_27' title="bbox 356 1572 1416 1628; baseline 0 -14"><span class='ocrx_word' id='word_1_133' title='bbox 356 1579 426 1614; x_wconf 88' lang='lat' dir='ltr'>aut</span> <span class='ocrx_word' id='word_1_134' title='bbox 449 1573 536 1614; x_wconf 88' lang='lat' dir='ltr'>fetu</span> <span class='ocrx_word' id='word_1_135' title='bbox 557 1587 770 1628; x_wconf 89' lang='lat' dir='ltr'>pecorum,</span> <span class='ocrx_word' id='word_1_136' title='bbox 796 1579 866 1614; x_wconf 87' lang='lat' dir='ltr'>aut</span> <span class='ocrx_word' id='word_1_137' title='bbox 891 1572 1073 1615; x_wconf 88' lang='lat' dir='ltr'>Cerealis</span> <span class='ocrx_word' id='word_1_138' title='bbox 1098 1573 1267 1628; x_wconf 82' lang='lat' dir='ltr'>mergite</span> <span class='ocrx_word' id='word_1_139' title='bbox 1292 1573 1416 1614; x_wconf 87' lang='lat' dir='ltr'>culmi</span> 
     </span>
     <span class='ocr_line' id='line_1_28' title="bbox 354 1634 1440 1688; baseline 0.001 -14"><span class='ocrx_word' id='word_1_140' title='bbox 354 1639 634 1688; x_wconf 87' lang='lat' dir='ltr'>proventuque</span> <span class='ocrx_word' id='word_1_141' title='bbox 658 1639 797 1675; x_wconf 90' lang='lat' dir='ltr'>oneret</span> <span class='ocrx_word' id='word_1_142' title='bbox 821 1634 956 1675; x_wconf 89' lang='lat' dir='ltr'>sulcos</span> <span class='ocrx_word' id='word_1_143' title='bbox 981 1639 1102 1688; x_wconf 89' lang='lat' dir='ltr'>atque</span> <span class='ocrx_word' id='word_1_144' title='bbox 1126 1634 1270 1675; x_wconf 89' lang='lat' dir='ltr'>horrea</span> <span class='ocrx_word' id='word_1_145' title='bbox 1292 1634 1440 1676; x_wconf 83' lang='lat' dir='ltr'>vincat.</span> 
     </span>
     <span class='ocr_line' id='line_1_29' title="bbox 355 1693 1349 1749; baseline 0.001 -14"><span class='ocrx_word' id='word_1_146' title='bbox 355 1695 466 1735; x_wconf 89' lang='lat' dir='ltr'>venit</span> <span class='ocrx_word' id='word_1_147' title='bbox 488 1694 638 1744; x_wconf 89' lang='lat' dir='ltr'>hiems,</span> <span class='ocrx_word' id='word_1_148' title='bbox 663 1695 806 1736; x_wconf 87' lang='lat' dir='ltr'>teritur</span> <span class='ocrx_word' id='word_1_149' title='bbox 830 1693 1023 1749; x_wconf 86' lang='lat' dir='ltr'>Sicyonia</span> <span class='ocrx_word' id='word_1_150' title='bbox 1045 1694 1148 1736; x_wconf 85' lang='lat' dir='ltr'>baca</span> <span class='ocrx_word' id='word_1_151' title='bbox 1171 1695 1349 1749; x_wconf 79' lang='lat' dir='ltr'>trapetis,</span> 
     </span>
     <span class='ocr_line' id='line_1_30' title="bbox 356 1754 1399 1810; baseline 0.001 -15"><span class='ocrx_word' id='word_1_152' title='bbox 356 1755 504 1810; x_wconf 85' lang='lat' dir='ltr'>glande</span> <span class='ocrx_word' id='word_1_153' title='bbox 529 1769 622 1796; x_wconf 87' lang='lat' dir='ltr'>sues</span> <span class='ocrx_word' id='word_1_154' title='bbox 645 1755 740 1797; x_wconf 91' lang='lat' dir='ltr'>laeti</span> <span class='ocrx_word' id='word_1_155' title='bbox 762 1756 950 1805; x_wconf 90' lang='lat' dir='ltr'>redeunt,</span> <span class='ocrx_word' id='word_1_156' title='bbox 975 1755 1074 1796; x_wconf 88' lang='lat' dir='ltr'>dant</span> <span class='ocrx_word' id='word_1_157' title='bbox 1097 1754 1241 1797; x_wconf 88' lang='lat' dir='ltr'>arbuta</span> <span class='ocrx_word' id='word_1_158' title='bbox 1257 1756 1399 1804; x_wconf 81' lang='lat' dir='ltr'>silvae3</span> 
     </span>
    </p>

    <p class='ocr_par' dir='ltr' id='par_1_16' title="bbox 357 1815 1235 1870">
     <span class='ocr_line' id='line_1_31' title="bbox 357 1815 1235 1870; baseline 0.001 -14"><span class='ocrx_word' id='word_1_159' title='bbox 357 1822 397 1856; x_wconf 86' lang='lat' dir='ltr'>et</span> <span class='ocrx_word' id='word_1_160' title='bbox 420 1815 553 1857; x_wconf 88' lang='lat' dir='ltr'>varios</span> <span class='ocrx_word' id='word_1_161' title='bbox 576 1816 692 1870; x_wconf 86' lang='lat' dir='ltr'>ponit</span> <span class='ocrx_word' id='word_1_162' title='bbox 714 1816 823 1857; x_wconf 87' lang='lat' dir='ltr'>fetus</span> <span class='ocrx_word' id='word_1_163' title='bbox 848 1823 1067 1857; x_wconf 85' lang='lat' dir='ltr'>autumnus</span> <span class='ocrx_word' id='word_1_164' title='bbox 1093 1822 1133 1857; x_wconf 90' lang='lat' dir='ltr'>et</span> <span class='ocrx_word' id='word_1_165' title='bbox 1156 1816 1235 1857; x_wconf 90' lang='lat' dir='ltr'>alte</span> 
     </span>
    </p>

    <p class='ocr_par' dir='ltr' id='par_1_17' title="bbox 356 1876 1282 1930">
     <span class='ocr_line' id='line_1_32' title="bbox 356 1876 1282 1930; baseline 0.002 -14"><span class='ocrx_word' id='word_1_166' title='bbox 356 1876 464 1917; x_wconf 87' lang='lat' dir='ltr'>mitis</span> <span class='ocrx_word' id='word_1_167' title='bbox 488 1876 532 1916; x_wconf 89' lang='lat' dir='ltr'>in</span> <span class='ocrx_word' id='word_1_168' title='bbox 555 1876 701 1930; x_wconf 83' lang='lat' dir='ltr'>apricis</span> <span class='ocrx_word' id='word_1_169' title='bbox 725 1877 912 1929; x_wconf 82' lang='lat' dir='ltr'>coquitur</span> <span class='ocrx_word' id='word_1_170' title='bbox 932 1877 1137 1918; x_wconf 87' lang='lat' dir='ltr'>vindemia</span> <span class='ocrx_word' id='word_1_171' title='bbox 1160 1877 1282 1919; x_wconf 86' lang='lat' dir='ltr'>saxis.</span> 
     </span>
    </p>

    <p class='ocr_par' dir='ltr' id='par_1_18' title="bbox 357 1937 1332 1991">
     <span class='ocr_line' id='line_1_33' title="bbox 357 1937 1332 1991; baseline 0.001 -14"><span class='ocrx_word' id='word_1_172' title='bbox 357 1938 510 1978; x_wconf 85' lang='lat' dir='ltr'>interea</span> <span class='ocrx_word' id='word_1_173' title='bbox 533 1937 671 1977; x_wconf 80' lang='lat' dir='ltr'>dulces</span> <span class='ocrx_word' id='word_1_174' title='bbox 695 1937 874 1991; x_wconf 87' lang='lat' dir='ltr'>pendent</span> <span class='ocrx_word' id='word_1_175' title='bbox 898 1937 1050 1978; x_wconf 90' lang='lat' dir='ltr'>circum</span> <span class='ocrx_word' id='word_1_176' title='bbox 1073 1937 1213 1978; x_wconf 87' lang='lat' dir='ltr'>oscula</span> <span class='ocrx_word' id='word_1_177' title='bbox 1236 1938 1332 1988; x_wconf 90' lang='lat' dir='ltr'>nati,</span> 
     </span>
    </p>

    <p class='ocr_par' dir='ltr' id='par_1_19' title="bbox 356 1997 1423 2160">
     <span class='ocr_line' id='line_1_34' title="bbox 359 1997 1400 2052; baseline 0 -14"><span class='ocrx_word' id='word_1_178' title='bbox 359 2003 471 2039; x_wconf 87' lang='lat' dir='ltr'>casta</span> <span class='ocrx_word' id='word_1_179' title='bbox 493 1997 731 2052; x_wconf 88' lang='lat' dir='ltr'>pudicitiam</span> <span class='ocrx_word' id='word_1_180' title='bbox 755 2002 890 2038; x_wconf 86' lang='lat' dir='ltr'>servat</span> <span class='ocrx_word' id='word_1_181' title='bbox 913 1997 1078 2047; x_wconf 90' lang='lat' dir='ltr'>domus,</span> <span class='ocrx_word' id='word_1_182' title='bbox 1102 1997 1230 2038; x_wconf 90' lang='lat' dir='ltr'>ubera</span> <span class='ocrx_word' id='word_1_183' title='bbox 1252 2012 1400 2039; x_wconf 88' lang='lat' dir='ltr'>vaccae</span> 
     </span>
     <span class='ocr_line' id='line_1_35' title="bbox 357 2058 1423 2114; baseline 0.001 -16"><span class='ocrx_word' id='word_1_184' title='bbox 357 2058 487 2099; x_wconf 88' lang='lat' dir='ltr'>lactea</span> <span class='ocrx_word' id='word_1_185' title='bbox 510 2058 744 2107; x_wconf 87' lang='lat' dir='ltr'>demittunt,</span> <span class='ocrx_word' id='word_1_186' title='bbox 767 2058 1022 2113; x_wconf 85' lang='lat' dir='ltr'>pinguesque</span> <span class='ocrx_word' id='word_1_187' title='bbox 1045 2058 1087 2099; x_wconf 90' lang='lat' dir='ltr'>in</span> <span class='ocrx_word' id='word_1_188' title='bbox 1110 2058 1293 2114; x_wconf 85' lang='lat' dir='ltr'>gramine</span> <span class='ocrx_word' id='word_1_189' title='bbox 1316 2058 1423 2100; x_wconf 90' lang='lat' dir='ltr'>laeto</span> 
     </span>
     <span class='ocr_line' id='line_1_36' title="bbox 356 2119 1327 2160; baseline 0.001 -1"><span class='ocrx_word' id='word_1_190' title='bbox 356 2119 460 2159; x_wconf 89' lang='lat' dir='ltr'>inter</span> <span class='ocrx_word' id='word_1_191' title='bbox 484 2133 527 2160; x_wconf 93' lang='lat' dir='ltr'>se</span> <span class='ocrx_word' id='word_1_192' title='bbox 551 2119 733 2160; x_wconf 88' lang='lat' dir='ltr'>adversis</span> <span class='ocrx_word' id='word_1_193' title='bbox 756 2119 960 2160; x_wconf 88' lang='lat' dir='ltr'>luctantur</span> <span class='ocrx_word' id='word_1_194' title='bbox 983 2119 1172 2160; x_wconf 89' lang='lat' dir='ltr'>cornibus</span> <span class='ocrx_word' id='word_1_195' title='bbox 1195 2119 1327 2160; x_wconf 89' lang='lat' dir='ltr'>haedi.</span> 
     </span>
    </p>

    <p class='ocr_par' dir='ltr' id='par_1_20' title="bbox 356 2179 1399 2296">
     <span class='ocr_line' id='line_1_37' title="bbox 357 2179 1399 2236; baseline 0 -15"><span class='ocrx_word' id='word_1_196' title='bbox 357 2181 445 2234; x_wconf 90' lang='lat' dir='ltr'>ipse</span> <span class='ocrx_word' id='word_1_197' title='bbox 469 2180 556 2221; x_wconf 90' lang='lat' dir='ltr'>dies</span> <span class='ocrx_word' id='word_1_198' title='bbox 581 2180 708 2236; x_wconf 83' lang='lat' dir='ltr'>agitat</span> <span class='ocrx_word' id='word_1_199' title='bbox 730 2180 877 2230; x_wconf 87' lang='lat' dir='ltr'>festos,</span> <span class='ocrx_word' id='word_1_200' title='bbox 902 2180 1101 2234; x_wconf 81' lang='lat' dir='ltr'>fususque</span> <span class='ocrx_word' id='word_1_201' title='bbox 1123 2194 1197 2235; x_wconf 88' lang='lat' dir='ltr'>per</span> <span class='ocrx_word' id='word_1_202' title='bbox 1218 2179 1399 2230; x_wconf 88' lang='lat' dir='ltr'>herbam,</span> 
     </span>
     <span class='ocr_line' id='line_1_38' title="bbox 356 2240 1372 2296; baseline 0.001 -15"><span class='ocrx_word' id='word_1_203' title='bbox 356 2241 464 2296; x_wconf 85' lang='lat' dir='ltr'>ignis</span> <span class='ocrx_word' id='word_1_204' title='bbox 487 2240 559 2282; x_wconf 93' lang='lat' dir='ltr'>ubi</span> <span class='ocrx_word' id='word_1_205' title='bbox 580 2241 623 2281; x_wconf 93' lang='lat' dir='ltr'>in</span> <span class='ocrx_word' id='word_1_206' title='bbox 646 2241 780 2282; x_wconf 88' lang='lat' dir='ltr'>medio</span> <span class='ocrx_word' id='word_1_207' title='bbox 804 2247 844 2282; x_wconf 87' lang='lat' dir='ltr'>et</span> <span class='ocrx_word' id='word_1_208' title='bbox 868 2240 968 2283; x_wconf 89' lang='lat' dir='ltr'>socii</span> <span class='ocrx_word' id='word_1_209' title='bbox 990 2246 1145 2282; x_wconf 90' lang='lat' dir='ltr'>cratera</span> <span class='ocrx_word' id='word_1_210' title='bbox 1168 2247 1372 2291; x_wconf 85' lang='lat' dir='ltr'>coronant,</span> 
     </span>
    </p>

    <p class='ocr_par' dir='ltr' id='par_1_21' title="bbox 358 2301 1438 2357">
     <span class='ocr_line' id='line_1_39' title="bbox 358 2301 1438 2357; baseline 0.002 -15"><span class='ocrx_word' id='word_1_211' title='bbox 358 2307 398 2343; x_wconf 90' lang='lat' dir='ltr'>te</span> <span class='ocrx_word' id='word_1_212' title='bbox 421 2301 572 2351; x_wconf 90' lang='lat' dir='ltr'>libans,</span> <span class='ocrx_word' id='word_1_213' title='bbox 597 2302 783 2353; x_wconf 89' lang='lat' dir='ltr'>Lenaee,</span> <span class='ocrx_word' id='word_1_214' title='bbox 809 2308 945 2352; x_wconf 88' lang='lat' dir='ltr'>vocat,</span> <span class='ocrx_word' id='word_1_215' title='bbox 969 2301 1210 2356; x_wconf 88' lang='lat' dir='ltr'>pecorisque</span> <span class='ocrx_word' id='word_1_216' title='bbox 1234 2302 1438 2357; x_wconf 85' lang='lat' dir='ltr'>magistris</span> 
     </span>
    </p>
   </div>
   <div class='ocr_carea' id='block_1_9' title="bbox 270 2362 1244 2417">
    <p class='ocr_par' dir='ltr' id='par_1_22' title="bbox 270 2362 1244 2417">
     <span class='ocr_line' id='line_1_40' title="bbox 270 2362 1244 2417; baseline -0.003 -11"><span class='ocrx_word' id='word_1_217' title='bbox 270 2375 336 2406; x_wconf 83' lang='lat'>530</span> <span class='ocrx_word' id='word_1_218' title='bbox 358 2362 509 2404; x_wconf 88' lang='lat' dir='ltr'>velocis</span> <span class='ocrx_word' id='word_1_219' title='bbox 534 2363 655 2404; x_wconf 89' lang='lat' dir='ltr'>iaculi</span> <span class='ocrx_word' id='word_1_220' title='bbox 678 2363 898 2404; x_wconf 89' lang='lat' dir='ltr'>certamina</span> <span class='ocrx_word' id='word_1_221' title='bbox 918 2363 1033 2417; x_wconf 87' lang='lat' dir='ltr'>ponit</span> <span class='ocrx_word' id='word_1_222' title='bbox 1056 2363 1100 2403; x_wconf 91' lang='lat' dir='ltr'>in</span> <span class='ocrx_word' id='word_1_223' title='bbox 1121 2363 1244 2413; x_wconf 88' lang='lat' dir='ltr'>ulmo,</span> 
     </span>
    </p>
   </div>
   <div class='ocr_carea' id='block_1_10' title="bbox 358 2423 1443 2661">
    <p class='ocr_par' dir='ltr' id='par_1_23' title="bbox 358 2423 1443 2534">
     <span class='ocr_line' id='line_1_41' title="bbox 360 2423 1443 2479; baseline 0 -15"><span class='ocrx_word' id='word_1_224' title='bbox 360 2437 609 2478; x_wconf 88' lang='lat' dir='ltr'>corporaque</span> <span class='ocrx_word' id='word_1_225' title='bbox 633 2423 784 2479; x_wconf 84' lang='lat' dir='ltr'>agresti</span> <span class='ocrx_word' id='word_1_226' title='bbox 807 2424 962 2464; x_wconf 88' lang='lat' dir='ltr'>nudant</span> <span class='ocrx_word' id='word_1_227' title='bbox 983 2423 1184 2478; x_wconf 89' lang='lat' dir='ltr'>praedura</span> <span class='ocrx_word' id='word_1_228' title='bbox 1206 2423 1443 2478; x_wconf 87' lang='lat' dir='ltr'>palaestrae.</span> 
     </span>
     <span class='ocr_line' id='line_1_42' title="bbox 358 2483 1278 2534; baseline 0 -9"><span class='ocrx_word' id='word_1_229' title='bbox 358 2484 465 2525; x_wconf 87' lang='lat' dir='ltr'>hanc</span> <span class='ocrx_word' id='word_1_230' title='bbox 488 2484 584 2526; x_wconf 87' lang='lat' dir='ltr'>olim</span> <span class='ocrx_word' id='word_1_231' title='bbox 607 2491 764 2526; x_wconf 86' lang='lat' dir='ltr'>veteres</span> <span class='ocrx_word' id='word_1_232' title='bbox 788 2485 915 2526; x_wconf 89' lang='lat' dir='ltr'>vitam</span> <span class='ocrx_word' id='word_1_233' title='bbox 938 2484 1097 2526; x_wconf 88' lang='lat' dir='ltr'>coluere</span> <span class='ocrx_word' id='word_1_234' title='bbox 1123 2483 1278 2534; x_wconf 74' lang='lat' dir='ltr'>Sabini,</span> 
     </span>
    </p>

    <p class='ocr_par' dir='ltr' id='par_1_24' title="bbox 359 2544 1435 2661">
     <span class='ocr_line' id='line_1_43' title="bbox 359 2544 1435 2596; baseline -0.001 -11"><span class='ocrx_word' id='word_1_235' title='bbox 359 2545 466 2586; x_wconf 89' lang='lat' dir='ltr'>hanc</span> <span class='ocrx_word' id='word_1_236' title='bbox 488 2544 644 2587; x_wconf 84' lang='lat' dir='ltr'>Remus</span> <span class='ocrx_word' id='word_1_237' title='bbox 669 2551 709 2586; x_wconf 87' lang='lat' dir='ltr'>et</span> <span class='ocrx_word' id='word_1_238' title='bbox 732 2545 874 2596; x_wconf 86' lang='lat' dir='ltr'>frater,</span> <span class='ocrx_word' id='word_1_239' title='bbox 901 2545 959 2587; x_wconf 88' lang='lat' dir='ltr'>sic</span> <span class='ocrx_word' id='word_1_240' title='bbox 982 2545 1098 2587; x_wconf 84' lang='lat' dir='ltr'>fortis</span> <span class='ocrx_word' id='word_1_241' title='bbox 1122 2544 1288 2586; x_wconf 83' lang='lat' dir='ltr'>Etruria</span> <span class='ocrx_word' id='word_1_242' title='bbox 1310 2544 1435 2586; x_wconf 88' lang='lat' dir='ltr'>crevit</span> 
     </span>
     <span class='ocr_line' id='line_1_44' title="bbox 361 2605 1409 2661; baseline 0 -16"><span class='ocrx_word' id='word_1_243' title='bbox 361 2605 515 2646; x_wconf 89' lang='lat' dir='ltr'>scilicet</span> <span class='ocrx_word' id='word_1_244' title='bbox 538 2611 578 2647; x_wconf 87' lang='lat' dir='ltr'>et</span> <span class='ocrx_word' id='word_1_245' title='bbox 599 2620 735 2647; x_wconf 89' lang='lat' dir='ltr'>rerum</span> <span class='ocrx_word' id='word_1_246' title='bbox 757 2606 867 2647; x_wconf 87' lang='lat' dir='ltr'>facta</span> <span class='ocrx_word' id='word_1_247' title='bbox 889 2611 952 2648; x_wconf 88' lang='lat' dir='ltr'>est</span> <span class='ocrx_word' id='word_1_248' title='bbox 972 2605 1244 2661; x_wconf 86' lang='lat' dir='ltr'>pulcherrima</span> <span class='ocrx_word' id='word_1_249' title='bbox 1265 2605 1409 2653; x_wconf 87' lang='lat' dir='ltr'>Roma,</span> 
     </span>
    </p>
   </div>
   <div class='ocr_carea' id='block_1_11' title="bbox 274 2666 1376 2719">
    <p class='ocr_par' dir='ltr' id='par_1_25' title="bbox 274 2666 1376 2719">
     <span class='ocr_line' id='line_1_45' title="bbox 274 2666 1376 2719; baseline -0.002 -11"><span class='ocrx_word' id='word_1_250' title='bbox 274 2678 336 2708; x_wconf 81' lang='lat'>535</span> <span class='ocrx_word' id='word_1_251' title='bbox 362 2671 597 2719; x_wconf 89' lang='lat' dir='ltr'>septemque</span> <span class='ocrx_word' id='word_1_252' title='bbox 621 2681 703 2708; x_wconf 89' lang='lat' dir='ltr'>una</span> <span class='ocrx_word' id='word_1_253' title='bbox 727 2666 805 2708; x_wconf 91' lang='lat' dir='ltr'>sibi</span> <span class='ocrx_word' id='word_1_254' title='bbox 827 2681 943 2708; x_wconf 91' lang='lat' dir='ltr'>muro</span> <span class='ocrx_word' id='word_1_255' title='bbox 967 2666 1230 2708; x_wconf 88' lang='lat' dir='ltr'>circumdedit</span> <span class='ocrx_word' id='word_1_256' title='bbox 1252 2679 1376 2706; x_wconf 85' lang='lat' dir='ltr'>arces.</span> 
     </span>
    </p>
   </div>
   <div class='ocr_carea' id='block_1_12' title="bbox 362 2726 1322 2781">
    <p class='ocr_par' dir='ltr' id='par_1_26' title="bbox 362 2726 1322 2781">
     <span class='ocr_line' id='line_1_46' title="bbox 362 2726 1322 2781; baseline 0.001 -15"><span class='ocrx_word' id='word_1_257' title='bbox 362 2732 454 2767; x_wconf 89' lang='lat' dir='ltr'>ante</span> <span class='ocrx_word' id='word_1_258' title='bbox 478 2726 599 2767; x_wconf 85' lang='lat' dir='ltr'>etiam</span> <span class='ocrx_word' id='word_1_259' title='bbox 623 2733 827 2781; x_wconf 88' lang='lat' dir='ltr'>sceptrum</span> <span class='ocrx_word' id='word_1_260' title='bbox 850 2727 1013 2769; x_wconf 90' lang='lat' dir='ltr'>Dictaei</span> <span class='ocrx_word' id='word_1_261' title='bbox 1034 2727 1143 2781; x_wconf 85' lang='lat' dir='ltr'>regis</span> <span class='ocrx_word' id='word_1_262' title='bbox 1168 2732 1208 2767; x_wconf 86' lang='lat' dir='ltr'>et</span> <span class='ocrx_word' id='word_1_263' title='bbox 1230 2731 1322 2767; x_wconf 88' lang='lat' dir='ltr'>ante</span> 
     </span>
    </p>
   </div>
  </div>
 </body>
</html>
