1794 3048
255 651 318 682 385

255 955 318 986 390

255 1259 319 1290 395

254 1563 320 1594 400

255 1869 321 1899 405

256 2173 321 2203 410

256 2478 321 2508 415

346 282 400 326 82
748 290 790 324 P.
810 287 1042 324 VERGILII
1060 287 1285 324 MARoms

345 394 642 445 Oceanumque
666 396 824 445 patrem
846 403 983 430 rerum
1005 387 1301 443 Nymphasque
1326 404 1498 439 sorores,
1519 439 1522 442 Δ

343 460 506 498 eentum
530 466 634 505 quae
659 450 802 499 silvas,
828 455 991 490 eentum
1014 462 1119 502 quae
1148 448 1318 490 flumina
1341 461 1514 491 servant.

343 523 404 557 ter
426 514 580 567 liquido
605 511 814 552 ardentem
837 509 1018 564 perfudit
1041 515 1204 550 nectare
1227 509 1414 560 Vestam,

343 584 404 618 ter
426 575 591 615 flamma
615 572 667 613 ad
692 586 899 612 summum
922 570 1018 612 tecti
1043 570 1226 612 subiecta
1248 571 1410 612 reluxit.

343 636 477 679 omine
501 649 583 687 quo
607 634 774 674 firmans
799 632 980 673 animum
1005 632 1064 673 sic
1087 632 1228 687 incipit
1250 632 1353 687 ipsa.

401 696 507 748 „Est
529 695 572 736 in
597 693 821 748 Carpathio
844 693 1025 748 Neptuni
1049 693 1211 748 gurgite
1233 699 1349 735 vates

343 757 553 800 caeruleus
577 755 772 805 Proteus,
796 769 992 810 magnum
1016 754 1086 808 qui
1109 753 1291 809 piscibus
1316 769 1468 808 aequor

342 826 383 860 et
406 819 544 859 iuncto
567 816 764 871 bipedum
788 830 908 857 curru
931 815 1095 856 metitur
1118 829 1327 869 equorum.

343 880 410 921 hic
434 893 542 920 nunc
563 877 784 920 Emathiae
807 882 949 931 portus
972 876 1226 931 patriamque
1249 877 1392 918 revisit

343 941 561 990 Pallenen;
585 939 695 980 hunc
719 945 758 980 et
781 938 997 993 Nymphae
1021 943 1267 979 venerantur
1290 944 1329 979 et
1352 938 1441 992 ipse

344 1002 602 1058 grandaevus
626 999 804 1050 Nereus;
828 999 943 1041 novit
964 1013 1142 1053 namque
1166 998 1303 1040 omnia
1326 1005 1455 1048 vates,

344 1077 450 1117 quae
477 1062 573 1110 sint,
599 1075 716 1114 quae·
729 1060 899 1110 fuerint,
924 1074 1029 1114 quae
1054 1074 1151 1101 mox
1174 1065 1345 1101 ventura
1374 1059 1602 1110 trahantur;

343 1124 495 1178 quippe
519 1123 576 1163 ita
598 1122 791 1176 Neptuno
814 1121 950 1162 visum
975 1126 1055 1170 est,
1081 1120 1262 1161 inmania
1285 1119 1401 1162 cuius

343 1190 527 1226 armenta
550 1189 590 1224 et
615 1182 743 1237 turpis
767 1182 901 1236 pascit
925 1180 1002 1223 sub
1025 1181 1189 1237 gurgite
1212 1180 1379 1236 phocas.

342 1245 410 1287 hic
433 1245 524 1294 tibi,
549 1250 662 1293 nate,
687 1243 800 1298 prius
825 1242 969 1284 vinclis
995 1242 1242 1297 capiundus,
1266 1247 1312 1282 ut
1336 1256 1499 1283 omnem

344 1306 531 1361 expediat
556 1304 688 1346 morbi
711 1318 899 1345 caussam
925 1309 1176 1356 eventusque
1202 1302 1409 1344 secundet.

343 1383 439 1409 nam
465 1367 552 1408 sine
577 1367 618 1407 vi
643 1381 725 1407 non
747 1366 831 1406 ulla
854 1366 968 1407 dabit
990 1371 1228 1420 praecepta,
1253 1380 1385 1419 neque
1409 1365 1525 1407 illum

344 1428 499 1470 orando
524 1427 682 1476 flectes3
708 1427 792 1467 vim
815 1426 960 1467 duram
985 1433 1025 1467 et
1048 1426 1211 1468 vincula
1234 1432 1354 1481 capto

343 1490 476 1530 tende.
502 1488 585 1529 doli
609 1488 761 1529 circum
784 1487 886 1529 haec
911 1488 1077 1529 demum
1100 1487 1341 1543 frangentur
1363 1487 1519 1529 inanes.

343 1550 435 1605 ipsa
459 1564 537 1605 ego
562 1555 619 1598 te,
645 1549 803 1590 medios
828 1562 922 1590 cum
946 1548 1008 1590 sol
1032 1549 1262 1590 accenderit
1285 1554 1435 1599 aestus,

344 1626 437 1652 eum
463 1610 605 1651 sitiunt
628 1609 780 1651 herbae
805 1615 846 1651 et
867 1610 1006 1665 pecori
1028 1610 1111 1651 iam
1134 1610 1286 1666 gratior
1308 1609 1453 1651 umbra
1477 1617 1552 1660 est,

343 1672 386 1713 in
411 1678 568 1713 secreta
592 1671 701 1713 senis
726 1671 895 1721 ducam,
920 1686 1002 1725 quo
1026 1670 1163 1714 fessus
1188 1671 1240 1713 ab
1263 1672 1385 1713 undis

345 1747 389 1774 se
413 1732 574 1787 recipit,
600 1732 720 1774 facile
744 1738 791 1773 ut
815 1747 958 1774 somno
983 1733 1222 1788 adgrediare
1246 1733 1458 1774 iacentem.

344 1809 488 1836 verum
512 1794 583 1835 ubi
607 1801 838 1849 correptum
862 1794 1052 1836 manibus
1076 1795 1303 1848 vinclisque
1327 1794 1496 1844 tenebis,

345 1861 432 1896 tum
455 1855 592 1896 variae
616 1855 781 1895 eludent
805 1855 963 1909 species
987 1861 1110 1909 atque
1134 1870 1206 1898 ora
1228 1856 1418 1897 fera-rum.

343 1916 415 1957 fiet
438 1915 547 1957 enim
571 1915 707 1957 subito
732 1930 802 1957 sus
826 1915 1016 1957 horridus
1041 1922 1208 1970 atraque
1233 1917 1347 1972 tigris

345 1990 671 2030 squamosusque
696 1976 819 2018 draco
843 1982 884 2018 et
906 1976 1023 2018 fulva
1046 1977 1203 2018 cervice
1226 1977 1386 2027 leaena3

345 2043 415 2078 aut
438 2051 576 2078 acrem
601 2037 780 2079 sonitum
803 2037 993 2078 flammae
1018 2037 1131 2079 dabit
1155 2043 1277 2091 atque
1301 2038 1357 2079 ita
1380 2038 1525 2079 vinclis

345 2098 522 2147 excidet,
549 2104 619 2139 aut
641 2098 684 2138 in
709 2112 836 2152 aquas
862 2099 995 2140 tenuis
1021 2099 1203 2154 dilapsus
1229 2098 1369 2140 abibit.

345 2160 419 2201 sed
443 2166 595 2213 quanto
624 2160 692 2201 ille
716 2160 848 2215 magis
874 2160 1027 2202 formas
1053 2175 1098 2202 se
1122 2165 1251 2201 vertet
1273 2160 1317 2201 in
1339 2160 1485 2210 omnis,

344 2226 475 2270 tanto,
500 2226 613 2270 nate,
639 2221 772 2276 magis
797 2221 996 2262 contende
1020 2221 1179 2262 tenacia
1202 2221 1350 2272 vincla,

344 2282 473 2322 donec
498 2281 590 2323 talis
615 2282 690 2322 erit
713 2288 870 2323 mutato
894 2297 1081 2337 corpore,
1107 2281 1270 2335 qualem

344 2342 513 2392 videris,
538 2342 700 2397 incepto
726 2348 882 2398 tegeret
906 2358 999 2384 cum
1022 2343 1178 2384 lumina
1202 2345 1385 2385 somno.“

345 2403 464 2445 Haec
488 2404 544 2444 ait
568 2410 607 2444 et
630 2404 831 2457 liquidum
857 2404 1085 2446 ambrosiae
1110 2404 1303 2445 diffundit
1326 2404 1505 2454 odorem,

345 2479 426 2518 quo
451 2471 581 2506 totum
603 2465 689 2506 nati
713 2480 862 2520 corpus
886 2466 1096 2521 perduxit3
1121 2472 1163 2507 at
1185 2465 1244 2507 illi

346 2528 475 2569 dulcis
500 2529 722 2583 conpositis
748 2529 916 2583 spiravit
940 2528 1118 2570 crinibus
1143 2543 1242 2570 aura

346 2596 467 2642 atque
492 2589 638 2631 habilis
663 2590 857 2632 membris
883 2591 994 2632 venit
1017 2591 1144 2645 vigor.
1171 2596 1234 2631 est
1258 2603 1403 2644 specus
1427 2588 1573 2644 ingens

347 2651 459 2691 exesi
482 2651 606 2692 latere
630 2652 673 2692 in
696 2652 865 2701 montis,
891 2666 973 2705 quo
996 2652 1172 2706 plurima
1195 2658 1318 2692 vento

347 2711 505 2765 cogitur
529 2712 650 2764 inque
676 2713 789 2754 sinus
815 2713 963 2755 scindit
987 2727 1079 2754 sese
1101 2713 1212 2753 unda
1234 2712 1437 2762 reductos,
