1780 3074
573 291 832 330 AENEIDOS
850 291 949 327 LIB.
968 292 1034 329 lv.
1069 313 1071 315 -

124 401 227 443 urbe
250 399 414 450 furens,
441 398 575 453 qualis
599 397 787 440 coniecta
809 410 933 439 cerva
958 396 1121 452 sagitta,

124 478 249 518 quam
271 462 417 518 procul
441 462 650 503 incautam
673 474 844 502 nemora
865 459 972 501 inter
996 458 1142 501 Cresia
1165 458 1256 501 fixit

122 531 265 581 pastor
288 539 417 581 agens
443 523 553 573 telis,
578 522 779 577 liquitque
802 521 969 564 volatile
992 521 1149 563 ferrum

123 587 308 638 nescius3
332 587 404 628 illa
426 585 529 642 fuga
554 585 679 628 silvas
705 584 917 639 saltusque
940 590 1133 640 peragrat

124 649 344 700 Dictae0s3
370 649 512 690 haeret
534 647 652 690 lateri
674 646 807 689 letalis
832 646 1004 688 arundo.

124 726 236 753 nunc
259 711 397 752 media
419 710 596 752 Aenean
621 723 761 751 secum
785 723 861 764 per
883 708 1048 750 moenia
1070 708 1196 758 dueit,

128 772 404 829 Sidoniasque
428 777 606 814 ostentat
630 785 730 827 opes
754 769 983 825 urbemque
1007 776 1214 826 paratam3

126 835 270 891 incipit
293 834 429 884 effari,
455 834 673 888 mediaque
697 832 740 874 in
764 846 866 874 voce
889 832 1062 883 resistit3

125 913 235 940 nunc
260 897 407 939 eadem
430 895 594 938 labente
619 895 685 936 die
710 894 900 937 convivia
923 895 1095 949 quaerit,

125 960 359 1014 Iliacosque
383 958 531 1000 iterum
555 958 726 999 demens
751 956 893 998 audire
917 956 1080 999 labores

125 1022 329 1078 exposcit,
354 1021 589 1076 pendetque
612 1019 760 1061 iterum
784 1019 988 1061 narrantis
1014 1019 1066 1061 ab
1092 1034 1174 1061 ore.

124 1089 238 1140 post,
263 1082 335 1125 ubi
359 1081 555 1139 digressi,
579 1081 804 1136 lumenque
829 1081 1008 1123 obscura
1030 1081 1217 1123 vicissim

123 1146 223 1187 luna
244 1144 394 1200 premit
418 1144 675 1198 suadentque
699 1143 889 1186 cadentia
913 1143 1048 1186 sidera
1074 1159 1255 1194 somnos,

126 1207 215 1250 sola
239 1208 361 1249 domo
385 1212 542 1249 maeret
564 1221 716 1257 vacua,
743 1206 965 1262 stratisque
989 1206 1142 1249 relictis

125 1271 304 1314 incubat.
330 1271 446 1313 illurn
471 1270 622 1312 absens
647 1269 863 1313 absentem
888 1271 1085 1326 auditque
1109 1271 1317 1326 videtque,

126 1341 196 1377 aut
220 1334 378 1391 gremio
402 1332 651 1383 Ascanium,
676 1333 873 1389 genitoris
898 1334 1080 1390 imagine
1105 1339 1238 1389 capta,

126 1398 299 1448 detinet,
324 1396 543 1438 infandum
568 1395 602 1437 si
626 1395 769 1437 fallere
792 1396 927 1451 possit
951 1388 1153 1438 amorem.¹

125 1475 209 1502 non
232 1464 401 1515 coeptae
426 1458 657 1514 adsurgunt
680 1463 831 1508 turres,
857 1473 942 1500 non
965 1474 1080 1500 arma
1103 1459 1297 1501 iuventus

127 1527 308 1572 exercet,
333 1526 529 1577 portusve
554 1526 626 1562 aut
648 1520 962 1576 propugnacula
984 1520 1094 1563 bello

126 1590 215 1627 tuta
238 1590 384 1640 parant
392 1600 403 1635 3
428 1583 610 1639 pendent
633 1597 759 1639 opera
782 1583 1011 1639 interrupta
1034 1583 1253 1638 minaeque

126 1661 339 1689 murorum
362 1646 551 1702 ingentes
577 1651 836 1702 aequataque
860 1646 1053 1688 machina
1077 1646 1204 1688 caelo.

185 1708 325 1762 Quam
350 1707 473 1750 simul
497 1721 545 1749 ac
569 1707 642 1748 tali
663 1707 869 1762 persensit
891 1714 1009 1763 peste
1034 1708 1163 1750 teneri

128 1786 224 1813 cara
247 1771 361 1813 Iovis
387 1770 585 1820 coniunx,
610 1784 689 1812 nec
712 1770 869 1812 samam
893 1770 1058 1813 obstare
1082 1770 1225 1821 furori,
1285 1793 1288 1797 ·

129 1834 280 1876 talibus
306 1833 546 1890 adgreditur
568 1831 776 1874 Venerem
802 1831 998 1875 Saturnia
1022 1833 1161 1875 dictis:

131 1896 368 1953 „egregiam
391 1909 489 1936 vero
513 1894 679 1936 laudem
703 1900 745 1936 et
769 1895 901 1950 spolia
924 1895 1063 1951 ampla
1084 1895 1248 1937 refertis

128 1964 255 2013 tuque
278 1971 462 2014 puerque
487 1962 602 2007 tuus,
628 1972 828 2013 magnum
854 1963 896 1999 et
919 1957 1188 2000 memorabile
1211 1972 1382 2008 numen,

127 2035 212 2061 una
235 2019 330 2062 dolo
355 2019 494 2062 divom
519 2019 555 2061 si
578 2019 734 2061 femina
757 2020 866 2061 victa
889 2020 1067 2062 duorum
1091 2025 1167 2062 est.

127 2097 206 2124 nee
228 2097 296 2124 me
320 2082 424 2124 adeo
448 2081 554 2123 fallit
577 2081 751 2123 veritam
776 2087 816 2123 te
840 2081 1004 2124 moenia
1027 2088 1171 2124 nostra

130 2149 344 2200 suspectas
369 2143 567 2186 habuisse
591 2144 736 2186 domos
761 2144 1036 2201 Karthaginis
1063 2145 1183 2186 altae.

131 2206 206 2247 sed
227 2205 321 2260 quis
346 2206 422 2247 erit
444 2206 594 2247 modus
619 2211 691 2247 aut
714 2221 797 2260 quo
821 2222 932 2248 nunc
956 2208 1181 2248 certamina
1205 2207 1343 2248 tanta?

130 2267 231 2322 quin
253 2267 391 2323 potius
414 2281 561 2322 pacem
585 2273 795 2309 aeternam
817 2275 1045 2324 pactosque
1068 2269 1322 2324 hymenaeos

131 2328 397 2370 exercemus?
419 2328 567 2378 habes,
594 2334 680 2370 tota
703 2330 815 2384 quod
837 2337 975 2372 mente
998 2331 1157 2386 petisti:

132 2390 247 2432 ardet
271 2405 414 2431 amans
438 2389 553 2430 Dido
578 2390 783 2444 traxitque
806 2406 882 2446 per
905 2406 1002 2433 ossa
1025 2391 1221 2434 furorem.

132 2467 394 2494 communem
418 2451 528 2492 hunc
553 2466 652 2507 ergo
675 2452 877 2507 populum
899 2452 1153 2507 paribusque
1177 2467 1373 2508 regamus

132 2513 347 2570 auspiciis3
371 2513 493 2555 liceat
515 2512 701 2569 Phrygio
726 2514 879 2555 servire
903 2514 1062 2563 marito,

132 2575 363 2630 dotalisque
388 2581 482 2617 tuae
507 2574 658 2630 Tyrios
681 2575 918 2630 permittere
942 2575 1152 2616 dextrae.“

192 2635 278 2680 Olli
302 2663 356 2668 —-
383 2637 510 2680 sensit
535 2637 643 2678 enim
669 2636 861 2678 simulata
883 2642 1020 2679 mente
1044 2637 1237 2688 locutam,

134 2713 216 2754 quo
238 2714 415 2756 regnum
438 2699 582 2741 Italiae
606 2698 792 2754 Libycas
818 2704 1020 2741 averteret
1043 2713 1135 2741 oras
1160 2724 1215 2729 —

135 2761 195 2803 sic
218 2768 359 2804 contra
383 2767 446 2804 est
469 2762 658 2818 ingressa
681 2760 846 2804 Venus:
874 2761 992 2816 „quis
1018 2761 1115 2804 talia
1139 2761 1309 2803 demens

1404 283 1479 326 151

1515 473 1558 503 70

1518 785 1559 814 75

1516 1096 1562 1127 80

1516 1410 1560 1441 85

1518 1720 1562 1752 90

1519 2032 1560 2063 95

1521 2343 1585 2373 100

1522 2653 1583 2682 105
