1780 3074
509 280 808 319 GEORGICON
825 279 923 316 Lm.
943 281 973 316 Ι.

59 389 191 445 prima
215 386 344 430 Ceres
368 386 477 428 ferro
501 385 685 428 mortalis
710 392 868 427 vertere
892 391 1043 427 terram

58 451 251 500 instituit,
277 463 372 491 cum
394 449 478 490 iam
502 448 675 504 glandes
701 454 825 502 atque
849 447 996 490 arbuta
1020 460 1161 489 sacrae

58 513 281 555 deficerent
306 511 435 553 silvae
460 517 501 552 et
524 510 680 552 victum
703 509 888 552 Dodona
910 515 1094 566 negaret.

58 589 156 617 mox
180 580 221 616 et
242 573 460 615 frumentis
484 571 601 614 labor
623 572 807 622 additus,
832 578 878 613 ut
900 571 1011 613 mala
1034 571 1192 613 culmos

59 643 170 679 esset
192 635 338 692 robigo
364 635 587 691 segnisque
610 634 794 676 horreret
815 633 860 675 in
883 634 992 675 arvis

59 699 256 741 carduus:
281 698 488 739 intereunt
512 702 694 752 segetes,
722 695 834 737 subit
857 710 1005 750 aspera
1029 695 1146 745 silva,

59 760 292 816 lappaeque
316 758 554 811 tribolique,
579 757 767 811 interque
790 757 963 798 nitentia
986 757 1098 798 culta

59 822 204 864 infelix
226 820 371 862 lolium
394 826 436 861 et
459 819 619 861 steriles
643 819 908 860 dominantur
931 833 1101 860 avenae.

60 884 173 939 quod
195 883 276 925 nisi
299 888 341 924 et
364 881 550 924 adsiduis
575 879 748 922 herbam
771 879 1030 922 insectabere
1054 880 1198 922 rastris

61 956 102 988 et
126 945 264 988 sonitu
287 943 458 986 terrebis
483 957 582 985 aves
607 948 648 984 et
670 942 778 984 ruris
803 942 922 998 opaci

61 1008 169 1050 falce
192 1021 356 1063 premes
381 1005 572 1047 umbram
595 1004 787 1059 votisque
811 1004 1026 1047 vocaveris
1050 1003 1245 1055 imbrem3

60 1070 160 1120 heu,
186 1083 386 1125 magnum
409 1067 577 1110 alterius
601 1066 756 1108 frustra
781 1065 988 1122 spectabis
1013 1081 1221 1116 acervum,

0 1139 5 1171 ῑ,
62 1144 347 1184 concussaque
370 1130 526 1172 famem
548 1129 592 1170 in
616 1128 731 1171 silvis
757 1128 944 1171 solabere
968 1143 1136 1183 quercu.

117 1192 356 1234 Dicendum
379 1197 421 1234 et
443 1205 550 1246 quae
575 1191 658 1233 sint
681 1190 794 1232 duris
819 1190 1054 1247 agrestibus
1078 1205 1206 1241 arma,

62 1255 156 1310 quis
181 1254 271 1296 sine
293 1268 371 1296 nec
393 1260 565 1309 potuere
590 1252 689 1304 seri,
713 1267 792 1295 nec
816 1267 986 1309 surgere
1009 1267 1189 1295 messes:

63 1316 197 1360 vomis
222 1322 263 1358 et
285 1316 426 1358 inflexi
447 1316 627 1371 primum
651 1330 778 1372 grave
801 1315 929 1357 robur
951 1315 1087 1366 aratri,

63 1379 263 1433 tardaque
285 1378 511 1420 Eleusinae
534 1378 678 1420 matris
702 1377 912 1420 volventia
934 1378 1132 1433 plaustra,

0 1450 2 1462 ³
62 1441 293 1495 tribulaque
317 1441 566 1494 traheaeque
590 1446 631 1482 et
654 1440 796 1494 iniquo
820 1440 1003 1495 pondere
1026 1440 1167 1491 rastri3

0 2333 16 2620 ‚,‚ffqm„„‚,„.„.,.„,
0 2283 2 2287 v

63 1503 206 1559 virgea
228 1508 441 1558 praeterea
466 1501 583 1544 Celei
606 1502 783 1556 vilisque
808 1502 1008 1557 supellex,

64 1565 259 1607 arbuteae
284 1570 416 1606 crates
441 1569 482 1606 et
505 1564 682 1620 mystica
704 1579 866 1606 vannus
890 1564 1044 1606 Iacchi.

65 1627 204 1669 omnia
226 1641 333 1681 quae
357 1626 487 1668 multo
512 1633 607 1668 ante
630 1641 790 1668 memor
812 1627 981 1682 provisa
1003 1641 1192 1682 repones,

67 1689 103 1731 si
125 1695 166 1730 te
190 1689 318 1745 digna
340 1694 480 1730 manet
503 1688 632 1729 divini
656 1688 789 1744 gloria
810 1689 931 1731 ruris.

67 1751 261 1793 continuo
283 1750 328 1791 in
352 1750 466 1792 silvis
491 1765 643 1806 magna
667 1750 709 1791 vi
731 1750 840 1792 flexa
863 1751 1054 1792 domatur

66 1812 111 1854 in
133 1812 270 1854 burim
294 1818 334 1853 et
359 1811 475 1853 curvi
498 1811 676 1853 formam
701 1812 850 1867 accipit
873 1812 1010 1854 ulmus
1035 1812 1170 1853 aratri.

67 1874 165 1916 huic
188 1890 213 1916 a
238 1873 364 1929 stirpe
386 1873 515 1929 pedes
540 1879 650 1915 temo
674 1879 888 1928 protentus
913 1874 956 1915 in
980 1881 1086 1924 octo,

67 1936 190 1979 binae
214 1950 355 1986 aures,
380 1935 535 1991 duplici
559 1941 752 1990 aptantur
775 1936 955 1978 dentalia
979 1936 1115 1978 dorso.

69 1998 252 2040 caeditur
275 2004 316 2039 et
338 1997 425 2039 tilia
448 2003 542 2039 ante
566 1997 664 2053 iugo
688 1997 810 2048 levis,
837 1998 1002 2052 altaque
1025 1998 1149 2055 fagus

71 2060 275 2114 stivaque,
301 2074 407 2114 quae
431 2074 574 2102 currus
599 2075 624 2101 a
648 2066 765 2116 tergo
789 2066 979 2115 torqueat
1001 2060 1127 2112 imos3

70 2128 111 2163 et
134 2137 337 2178 suspensa
359 2122 464 2164 focis
489 2122 676 2177 explorat
697 2122 848 2164 robora
871 2122 1025 2164 fumus.

125 2183 307 2226 Possum
330 2184 461 2226 multa
484 2184 560 2226 tibi
582 2190 768 2226 veterum
791 2191 1013 2240 praecepta
1034 2184 1200 2235 referre,

71 2246 115 2287 ni
136 2246 314 2302 refugis,
339 2247 557 2300 tenuisque
580 2247 696 2302 piget
719 2261 969 2302 cognoscere
995 2261 1128 2288 curas.

72 2322 169 2349 area
191 2321 287 2348 cum
309 2308 452 2363 primis
476 2308 635 2364 ingenti
659 2309 876 2362 aequanda
899 2309 1085 2364 cylindro

74 2375 115 2411 et
137 2369 335 2410 vertenda
358 2384 486 2410 manu
509 2375 550 2410 et
573 2375 685 2411 creta
709 2370 924 2412 solidanda
948 2370 1095 2420 tenaci,

74 2445 126 2472 ne
150 2430 326 2473 subeant
349 2430 520 2482 herbae,
545 2445 627 2472 neu
650 2431 820 2486 pulvere
843 2432 953 2473 victa
976 2432 1154 2481 fatiscat,

76 2500 164 2534 tum
185 2493 323 2535 variae
347 2493 535 2534 inludant
556 2498 716 2548 pestes:
741 2507 865 2548 saepe
889 2493 1065 2549 exiguus
1090 2509 1182 2534 mus

78 2553 154 2596 sub
178 2554 296 2596 terris
320 2555 542 2611 posuitque
567 2555 712 2596 domos
737 2560 862 2609 atque
884 2555 1032 2596 horrea
1055 2554 1172 2604 fecit;

0 2631 10 2659 ς
77 2622 149 2657 aut
170 2616 299 2659 oculis
324 2616 434 2672 capti
456 2616 598 2659 fodere
622 2615 774 2658 cubilia
797 2616 951 2672 talpae3

77 2677 350 2733 inventusque
374 2678 487 2720 cavis
511 2677 614 2720 bufo
638 2684 679 2720 et
702 2692 808 2733 quae
831 2678 1009 2733 plurima
1032 2685 1163 2720 terrae

80 2746 262 2782 monstra
284 2740 440 2792 ferunt;
463 2740 716 2796 populatque
739 2740 951 2796 ingentem
974 2739 1094 2782 farris
1120 2754 1313 2782 acervum

154 2816 305 2852 Verqizius.
1185 2813 1209 2849 3

1366 270 1422 311 33

1453 579 1516 610 150

1455 894 1519 923 155

1459 1203 1522 1232 160

1460 1514 1524 1544 165

1464 1825 1527 1854 170

1466 2137 1529 2166 1ῖῖ)

1469 2443 1530 2474 180

1467 2756 1529 2785 18ῖ)
