1780 3074
577 317 834 356 AENEIDOS
852 317 951 353 LIB.
969 318 1015 355 V.

118 427 186 469 cui
208 426 356 468 domus
381 431 422 467 et
445 422 818 466 dulces·latebroso
841 422 885 463 in
907 421 1071 478 pumice
1093 421 1192 471 nidi,

117 489 247 530 fertur
269 488 312 529 in
336 502 435 528 arva
458 486 621 536 volans,
645 485 922 541 plausumque
947 483 1141 526 exterrita
1162 482 1310 538 pennis

117 551 189 592 dat
211 556 320 592 tecto
343 549 573 606 ingentem,
598 562 698 589 mox
721 561 815 589 aere
838 546 958 602 lapsa
981 545 1121 600 quieto

115 612 224 654 radit
245 612 324 653 iter
345 611 567 665 liquidum,
594 609 737 651 celeris
761 622 898 663 neque
921 612 1155 650 commovet
1178 606 1283 648 alas:

118 674 179 715 sic
200 672 468 722 Mnestheus,
495 672 555 714 sic
577 671 670 726 ipsa
693 670 796 726 fuga
820 675 933 712 secat
955 669 1101 711 ultima
1123 668 1273 710 Pristis

118 750 318 790 aequora,
345 735 405 777 sic
428 734 541 775 illam
565 733 647 774 fert
669 733 833 787 inpetus
858 732 948 787 ipse
972 731 1194 773 volantem.

119 804 160 839 et
182 797 363 852 primum
386 796 430 837 in
454 794 624 850 scopulo
649 793 873 835 luctantem
898 793 1051 835 deserit
1075 793 1158 834 alto

121 857 365 914 Sergestum
388 855 666 910 brevibusque
689 855 808 896 vadis
832 854 1068 908 frustraque
1091 860 1309 896 vocantem

119 919 272 962 auxilia
295 924 336 960 et
358 917 500 959 fractis
524 916 752 958 discentem
776 930 938 957 currere
961 916 1100 957 remis.

118 981 215 1023 inde
240 978 365 1035 Gyan
387 979 603 1035 ipsamque
626 978 786 1034 ingenti
808 977 917 1019 mole
944 976 1208 1019 Chimaeram

119 1041 403 1095 consequitur3
428 1040 555 1090 cedit,
581 1039 777 1094 quoniam
803 1039 978 1094 spoliata
1001 1039 1202 1095 magistro
1227 1051 1302 1080 est.

120 1103 232 1146 solus
255 1103 420 1156 iamque
443 1102 537 1157 ipso
562 1107 750 1156 superest
772 1101 817 1142 in
839 1101 922 1142 fine
948 1099 1200 1143 Cloanthus:

118 1179 243 1220 quem
264 1165 368 1221 petit
392 1170 432 1206 et
456 1163 628 1206 summis
653 1163 829 1205 adnixus
853 1162 1011 1205 viribus
1035 1168 1197 1219 urguet.

119 1235 209 1269 tum
232 1241 330 1269 vero
353 1226 579 1283 ingeminat
603 1225 775 1275 clamor,
802 1225 1020 1279 cunctique
1046 1231 1286 1279 sequentem
1306 1277 1309 1279 Β

119 1290 318 1346 instigant
342 1289 509 1339 studiis,
533 1294 782 1342 resonatque
805 1287 1040 1343 fragoribus
1066 1287 1219 1329 aether.

120 1351 164 1393 hi
186 1351 398 1407 proprium
422 1351 549 1392 decus
574 1356 614 1391 et
636 1355 802 1405 partum
824 1350 1093 1406 indignantur
1115 1349 1317 1391 honorem

120 1413 164 1454 ni
187 1418 370 1462 teneant,
396 1412 606 1466 vitamque
630 1411 775 1453 volunt
797 1426 872 1467 pro
895 1411 1018 1453 laude
1040 1411 1196 1467 pacisci
1204 1427 1215 1462 ;

121 1474 198 1516 hos
224 1488 442 1516 successus
467 1473 556 1514 alitz
580 1479 774 1528 possunt,
801 1474 898 1527 quia
919 1488 1045 1528 posse
1068 1474 1272 1515 videntur.

123 1544 163 1578 ct
186 1535 272 1576 fors
297 1535 482 1589 aequatis
507 1534 716 1590 cepissent
737 1534 923 1589 praemia
944 1535 1103 1585 rostris,

122 1597 164 1639 ni
187 1596 347 1652 palmas
372 1602 500 1652 ponto
525 1596 698 1637 tendens
722 1601 918 1650 utrasque
945 1595 1176 1638 Cloanthus

122 1659 380 1712 fudissetque
403 1672 547 1714 preces
572 1658 774 1711 divosque
797 1658 842 1699 in
864 1664 962 1700 vota
983 1664 1193 1700 vocasset:

1393 307 1475 350 173

125 1721 211 1772 „di‚
237 1721 388 1775 quibus
412 1720 631 1775 imperium
654 1720 793 1775 pelagi
817 1726 897 1771 est,
923 1735 1098 1774 quorum
1123 1734 1303 1774 aequora
1327 1734 1460 1770 curro,

122 1782 241 1824 vobis
266 1782 398 1824 laetus
424 1796 502 1837 ego
525 1781 606 1823 hoc
629 1781 873 1823 candentem
896 1782 940 1823 in
962 1782 1080 1823 litore
1105 1788 1269 1823 taurum

124 1844 372 1886 constituam
396 1850 490 1885 ante
514 1858 625 1894 aras,
650 1843 737 1885 voti
759 1858 873 1894 reus,
901 1849 1077 1898 extaque
1103 1844 1236 1885 salsos

123 1905 340 1961 porriciam
363 1905 407 1946 in
429 1905 579 1946 fluctus
604 1910 645 1946 et
666 1905 764 1946 vina
786 1905 985 1959 liquentia
1008 1905 1222 1946 fundam.“

123 1967 245 2017 dixit,
271 1980 448 2020 eumque
471 1966 565 2008 imis
591 1965 668 2008 sub
692 1966 887 2009 fiuctibus
912 1967 1043 2008 audiit
1066 1968 1200 2013 omnis

121 2028 346 2071 Nereidum
371 2028 605 2083 Phorcique
631 2028 780 2070 chorus
804 2028 1084 2084 Panopeaque
1107 2030 1239 2086 virgo,

123 2096 165 2132 et
186 2096 303 2146 pater
325 2090 415 2145 ipse
439 2105 566 2131 manu
588 2106 742 2147 magna
764 2090 975 2133 Portunus
1000 2097 1167 2133 euntem

122 2152 288 2207 inpulit:
312 2152 382 2193 illa
404 2158 502 2194 noto
528 2152 648 2194 citius
672 2153 912 2207 volucrique
938 2154 1090 2210 sagitta

125 2213 179 2255 ad
202 2219 351 2254 terram
374 2213 484 2269 fugit
506 2219 548 2254 et
569 2220 691 2269 portu
717 2229 761 2256 se
786 2215 968 2256 condidit
992 2215 1087 2257 alto.

125 2281 215 2314 tum
239 2279 351 2315 satus
375 2273 563 2315 Anchisa
586 2276 746 2316 cunctis
771 2290 823 2316 ex
847 2291 961 2318 more
984 2277 1144 2318 vocatis

126 2334 324 2374 victorem
346 2349 498 2389 magna
519 2337 734 2390 praeconis
759 2349 861 2378 voce
887 2336 1140 2379 Cloanthum

128 2393 325 2444 declarat,
350 2394 552 2449 viridique
576 2396 740 2438 advelat
763 2403 949 2452 tempora
970 2398 1101 2447 lauro,

127 2469 380 2510 muneraque
403 2455 447 2496 in
469 2457 587 2498 navis
611 2462 748 2499 ternos
773 2464 915 2512 optare
938 2459 1135 2500 iuvencos

127 2517 306 2571 vinaque
330 2523 371 2558 et
394 2518 554 2573 argenti
576 2533 776 2574 magnum
799 2519 870 2560 dat
893 2519 1000 2561 ferre
1025 2520 1236 2561 talentum.

129 2578 229 2634 ipsis
252 2579 497 2634 praecipuos
522 2579 761 2621 ductoribus
786 2580 900 2621 addit
922 2580 1117 2623 honores:

131 2640 273 2681 victori
296 2640 556 2696 chlamydem
581 2647 783 2691 auratam,
809 2655 934 2695 quam
957 2642 1134 2697 plurima
1157 2643 1309 2685 circum

129 2715 310 2756 purpura
333 2703 554 2744 maeandro
579 2702 732 2758 duplici
754 2702 966 2745 Meliboea
989 2704 1180 2756 cucurrit,

130 2761 393 2818 intextusque
415 2778 519 2819 puer
542 2763 739 2806 frondosa
760 2765 900 2821 regius
923 2765 1001 2807 Ida

1502 494 1566 525 215

1505 803 1570 833 220

1506 1111 1572 1141 225

1508 1421 1574 1452 230

1510 1732 1575 1764 235

1510 2042 1577 2073 240

1511 2350 1576 2380 245

1510 2658 1576 2690 250
