1780 3074
3 2652 11 2689 πω
0 2352 19 2628 ἦωωνε-ῇευ,

544 279 844 319 GEORGICON
863 279 961 316 LIB.
981 279 1030 315 ΙΙ.

99 404 172 430 ora
193 388 293 443 iugo
318 393 359 428 et
382 386 525 428 vacuis
551 384 726 428 Clanius
750 399 835 426 non
858 398 1016 439 aequus
1040 383 1222 426 Acerris.

156 449 279 492 Nunc
303 463 386 504 quo
411 462 620 503 quamque
644 447 769 489 modo
793 446 931 502 possis
955 460 1206 503 cognoscere
1230 446 1379 488 dicam.

98 527 192 554 rara
215 512 269 554 sit
292 527 346 553 an
371 526 496 566 supra
518 525 678 552 morem
702 509 756 551 sit
778 509 909 551 densa
930 509 1128 564 requires,

100 575 228 616 altera
250 573 468 616 frumentis
492 572 689 627 quoniam
713 571 844 622 favet,
869 571 998 613 altera
1020 570 1202 621 Baccho,

99 637 230 679 densa
252 636 386 692 magis
413 634 575 685 Cereri,
600 634 812 676 rarissima
835 648 1025 688 quaeque
1048 634 1214 690 Lyaeo:

99 705 195 740 ante
217 698 356 740 locum
380 697 519 753 capies
544 696 694 746 oculis,
720 695 884 749 alteque
907 695 1071 737 iubebis

98 760 143 801 in
167 759 298 802 solido
319 766 493 815 puteum
517 757 696 808 demitti,
721 771 970 811 omnemque
993 772 1170 813 repones

98 837 241 864 rursus
264 821 439 863 humum
462 825 503 861 et
525 818 703 875 pedibus
729 834 913 861 summas
938 818 1137 873 aequabis
1162 834 1322 861 arenas.

99 884 136 927 si
159 884 350 934 deerunt,
375 897 533 932 rarum,
558 881 781 937 pecorique
806 887 847 922 et
871 880 1024 922 vitibus
1050 881 1169 923 almis

99 946 236 1002 aptius
260 945 365 988 uber
387 945 482 996 erit3
508 944 573 986 sin
595 943 639 985 in
663 958 740 985 sua
761 957 887 998 posse
911 942 1125 999 negabunt

98 1009 157 1051 ire
179 1009 272 1051 loca
295 1014 337 1050 et
360 1006 576 1050 scrobibus
602 1006 813 1062 superabit
836 1012 946 1048 terra
967 1006 1151 1062 repletis,

99 1071 260 1127 spissus
284 1084 403 1127 ager3
427 1068 599 1126 glaebas
623 1074 865 1111 cunctantes
890 1082 1115 1123 crassaque
1138 1074 1257 1125 terga

99 1138 295 1189 exspecta
318 1138 360 1174 et
382 1132 531 1174 validis
555 1137 707 1173 terram
728 1130 950 1187 proscinde
973 1131 1174 1173 iuvencis.

100 1195 210 1237 salsa
234 1201 373 1237 autem
397 1194 519 1236 tellus
545 1201 586 1236 et
608 1208 716 1248 quae
738 1193 979 1250 perhibetur
1002 1209 1156 1244 amara,

96 1257 290 1314 frugibus
313 1256 459 1299 infelix
482 1281 536 1287 ——
561 1271 612 1299 ea
632 1270 712 1298 nec
734 1255 991 1298 mansuescit
1013 1256 1180 1306 arando,

100 1335 178 1362 nec
200 1319 370 1362 Baccho
393 1334 527 1376 genus
552 1325 624 1361 aut
645 1319 782 1375 pomis
807 1334 885 1360 sua
906 1318 1076 1361 nomina
1100 1324 1238 1360 servat
1262 1343 1317 1348 --

98 1382 180 1423 tale
205 1381 320 1424 dabit
344 1382 574 1437 specimen:
599 1387 646 1423 tu
669 1381 806 1437 spisso
830 1381 984 1423 vimine
1009 1381 1155 1436 qualos

99 1444 273 1499 colaque
295 1444 504 1500 prelorum
528 1443 705 1486 fumosis
729 1444 870 1499 deripe
894 1444 1033 1494 tectis3

99 1507 182 1549 huc
205 1521 307 1563 ager
328 1506 398 1548 ille
422 1506 557 1548 malus
581 1505 809 1560 dulcesque
832 1521 859 1548 a
880 1505 1067 1548 fontibus
1091 1506 1228 1550 undae

99 1569 154 1612 ad
174 1568 345 1625 plenum
369 1568 596 1619 calcentur3
621 1582 731 1622 aqua
754 1567 1001 1611 eluctabitur
1024 1568 1159 1610 omnis

100 1631 256 1674 scilicet
280 1637 321 1673 et
343 1631 523 1688 grandes
548 1630 669 1673 ibunt
691 1645 766 1687 per
788 1630 944 1673 vimina
966 1636 1128 1687 guttae3

99 1700 143 1735 at
166 1708 289 1749 sapor
310 1693 509 1735 indicium
533 1693 675 1744 faciet,
701 1692 948 1735 manifestus
973 1699 1015 1735 et
1037 1708 1110 1735 ora

99 1755 232 1796 tristia
255 1761 532 1811 temptantum
557 1770 683 1797 sensu
706 1754 915 1809 torquebit
938 1770 1112 1797 amaror.

99 1817 265 1874 pinguis
290 1817 390 1859 item
413 1831 520 1872 quae
546 1817 599 1859 sit
622 1817 763 1868 tellus,
787 1817 869 1860 hoc
892 1817 1071 1871 denique
1093 1824 1217 1873 pacto

100 1879 318 1921 discimus:
342 1879 456 1921 haud
479 1893 679 1934 umquam
701 1878 894 1921 manibus
917 1879 1070 1921 iactata
1093 1880 1260 1930 fatiscit,

100 1941 175 1983 sed
196 1941 300 1997 picis
324 1941 370 1982 in
391 1955 550 1984 morem
572 1941 627 1983 ad
651 1941 802 1997 digitos
826 1941 1014 1983 lentescit
1038 1941 1243 1984 habendo.

99 2003 270 2046 humida
292 2004 467 2046 maiores
491 2003 642 2046 herbas
667 2004 757 2055 alit,
782 2004 958 2060 ipsaque
981 2004 1091 2046 iusto

98 2065 255 2108 laetior.
281 2065 335 2107 ah
357 2066 531 2107 nimium
554 2081 606 2108 ne
631 2067 684 2108 sit
706 2066 810 2108 mihi
832 2066 978 2109 fertilis
1003 2067 1086 2118 illa,

99 2142 178 2171 nec
201 2143 247 2171 se
268 2128 551 2184 praevalidam
573 2129 717 2184 primis
742 2130 935 2172 ostendat
957 2129 1114 2172 aristis!

100 2204 208 2245 quae
230 2190 370 2247 gravis
395 2196 478 2242 est,
501 2191 594 2246 ipso
617 2191 786 2233 tacitam
810 2206 855 2234 se
877 2192 1061 2248 pondere
1083 2191 1233 2248 prodit,

1407 270 1463 312 49

100 2266 290 2307 quaeque
311 2252 430 2295 levis.
453 2259 693 2309 promptum
717 2259 781 2296 est
803 2254 935 2296 oculis
958 2254 1220 2310 praediscere
1242 2252 1419 2308 nigram,

102 2321 142 2355 et
166 2314 354 2368 quisquis
379 2314 504 2356 color.
529 2321 572 2356 at
596 2315 841 2357 sceleratum
866 2316 1082 2371 exquirere
1104 2315 1240 2372 frigus

102 2375 271 2417 difficile
295 2381 376 2417 est:
400 2375 543 2431 piceae
566 2382 729 2418 tantum
752 2377 921 2431 taxique
943 2383 1142 2420 nocentes

102 2437 310 2480 interdum
334 2444 405 2479 aut
428 2437 607 2480 hederae
629 2438 821 2493 pandunt
841 2440 1022 2496 vestigia
1043 2439 1202 2495 nigrae.

158 2499 242 2542 His
266 2499 567 2543 animadversis
591 2505 744 2542 terram
766 2500 898 2542 multo
922 2507 1018 2543 ante
1042 2507 1249 2542 memento

104 2576 333 2617 excoquere
357 2568 399 2604 et
421 2576 596 2619 magnos
622 2560 839 2604 scrobibus
863 2562 1079 2604 concidere
1103 2570 1278 2612 montes,

104 2630 198 2666 ante
222 2623 436 2680 supinatas
460 2623 643 2679 aquiloni
667 2623 884 2666 ostendere
907 2623 1092 2680 glaebas,

105 2700 230 2740 quam
252 2686 407 2728 laetum
429 2686 611 2729 infodias
635 2685 731 2729 vitis
754 2700 903 2743 genus.
928 2686 1085 2742 optima
1106 2685 1219 2742 putri

107 2762 206 2790 arva
229 2748 336 2790 solo:
361 2748 405 2789 id
429 2748 542 2790 venti
567 2753 712 2789 curant
736 2748 980 2804 gelidaeque
1004 2748 1176 2804 pruinae

181 2824 329 2860 Velit-ultus
1213 2822 1238 2855 4

1488 397 1553 428 225

1490 707 1556 738 230

1492 1019 1556 1051 235

1492 1331 1558 1362 240

1493 1643 1558 1674 245

1494 1954 1560 1985 250

1492 2264 1558 2295 255

1492 2574 1560 2605 260
