1794 3048
293 663 353 692 725

290 965 351 996 730

287 1270 348 1301 735

287 1570 348 1600 740

284 1873 345 1903 745

283 2174 344 2204 750

282 2478 344 2508 755

386 300 466 340 186
789 309 826 342 P.
846 307 1077 343 VERGILII
1094 307 1318 345 MARONIS

382 416 422 450 ct
443 425 526 451 nox
550 414 636 449 atra
659 408 798 462 polum
823 407 930 462 bigis
956 407 1151 449 subvecta
1174 408 1352 450 tenebat:

379 470 469 510 visa
491 469 636 509 dehinc
661 468 772 508 caelo
795 467 921 509 facies
946 468 1114 523 delapsa
1136 469 1314 523 parentis

378 528 587 570 Anchisae
612 528 746 569 subito
770 528 862 570 talis
887 528 1094 571 effundere
1118 544 1259 571 voces:

381 596 516 639 „nate,
542 588 642 629 mihi
665 589 749 629 vita
772 589 996 642 quondam,
1023 589 1120 630 dum
1144 590 1228 631 vita
1250 591 1451 641 manebat,

378 663 469 690 care
493 649 642 704 magis,
668 655 778 698 nate,
803 649 939 705 Iliacis
964 650 1138 691 exercite
1161 650 1269 700 fatis,

377 709 546 764 imperio
569 709 680 751 Iovis
704 709 785 750 huc
808 709 945 759 venio,
971 710 1041 764 qui
1065 710 1264 752 classibus
1288 711 1426 766 ignem

377 770 531 824 depulit
554 776 593 811 et
617 769 729 811 caelo
753 770 916 810 tandem
939 770 1152 812 miseratus
1177 770 1229 812 ab
1254 771 1334 812 alto
1359 778 1432 813 est.

376 830 553 871 consiliis
576 845 693 885 pare,
718 844 823 883 quae
845 844 953 871 nunc
976 830 1248 884 pulcherrima
1269 831 1423 873 Nautes

375 890 444 931 dat
468 891 619 940 senior3
643 890 769 932 lectos
793 890 979 941 iuvenes,
1005 891 1227 933 fortissima
1250 893 1383 941 corda,

375 951 488 992 defer
510 951 551 991 in
574 951 746 992 Italiam.
771 966 873 1006 gens
898 952 1000 993 dura
1023 958 1144 1005 atque
1168 967 1312 1007 aspera
1336 954 1445 994 cultu

375 1011 615 1052 debellanda
638 1011 711 1052 tibi
733 1012 858 1053 Latio
882 1018 955 1054 est.
980 1012 1091 1054 Ditis
1116 1018 1252 1054 tamen
1275 1020 1368 1054 ante

374 1072 555 1113 infernas
580 1072 728 1113 accede
752 1072 895 1113 domos
920 1079 960 1114 et
982 1071 1151 1114 Averna
1172 1088 1246 1128 per
1269 1074 1350 1114 alta

374 1147 618 1188 congressus
641 1138 752 1187 pete,
777 1138 888 1182 nate,
913 1147 1039 1174 meos.
1065 1148 1147 1174 non
1170 1148 1234 1174 me
1258 1134 1369 1188 inpia
1392 1150 1566 1189 namque

373 1193 543 1234 Tartara
565 1192 732 1242 habent,
758 1193 893 1234 tristes
917 1193 1103 1243 umbrae,
1130 1195 1203 1235 sed
1226 1209 1396 1236 amoena
1418 1196 1576 1250 piorum

372 1254 541 1295 concilia
563 1253 832 1308 Elysiumque
857 1254 958 1295 colo.
983 1254 1064 1295 huc
1088 1261 1200 1295 casta
1226 1254 1384 1309 Sibylla

372 1314 579 1369 nigrarum
603 1314 729 1355 multo
753 1315 956 1368 pecudum
981 1320 1019 1355 te
1044 1316 1242 1369 sanguine
1266 1316 1397 1356 ducet.

373 1382 458 1416 tum
482 1390 612 1431 genus
637 1390 756 1416 omne
780 1381 895 1415 tuum
919 1381 960 1416 et
982 1390 1087 1429 quae
1111 1376 1257 1416 dentur
1280 1378 1441 1419 moenia
1464 1378 1608 1419 disces.

371 1437 532 1490 iamque
556 1436 646 1477 vale
654 1452 665 1485 3
691 1442 851 1489 torquet
874 1437 1030 1478 medios
1054 1452 1138 1477 nox
1161 1437 1329 1478 humida
1353 1452 1495 1480 cursus

372 1503 411 1537 et
434 1511 499 1537 me
524 1511 670 1538 saevus
696 1497 809 1550 equis
836 1495 987 1538 Oriens
1011 1498 1176 1539 adflavit
1201 1498 1395 1539 anhclis.“

373 1557 547 1607 dixerat,
573 1563 613 1598 et
636 1558 767 1598 tenuis
793 1557 899 1612 fugit
923 1572 999 1599 ceu
1022 1558 1159 1599 fumus
1184 1559 1226 1598 in
1249 1574 1380 1600 auras.

370 1617 535 1658 Aeneas
562 1620 695 1671 „quo“
722 1618 868 1658 deinde
895 1619 1028 1669 „ruis?
1051 1633 1132 1671 quo
1155 1619 1384 1673 proripis?“
1410 1621 1552 1674 inquit,

373 1693 520 1731 „quem
543 1678 680 1734 fugis?
703 1684 772 1719 aut
796 1679 887 1732 quis
911 1684 951 1720 te
974 1680 1123 1720 nostris
1148 1679 1412 1734 conplexibus
1437 1683 1599 1722 arcoti>⁴⁶

370 1739 471 1780 haec
495 1753 724 1780 memorans
749 1739 925 1780 cinerem
950 1746 990 1780 et
1014 1740 1168 1794 sopitos
1194 1741 1363 1782 suscitat
1386 1741 1506 1796 ignis,

370 1799 724 1854 Pergameumque
748 1800 902 1841 Larem
926 1806 966 1841 et
990 1815 1114 1841 canae
1139 1801 1361 1855 penetralia
1385 1801 1535 1843 Vestae

371 1859 477 1900 farre
499 1860 568 1914 pio
593 1866 632 1900 et
654 1860 776 1914 plena
800 1861 973 1916 supplex
997 1870 1212 1902 veneratur
1235 1876 1385 1903 acerra.

425 1919 647 1974 Extemplo
672 1921 804 1962 socios
827 1922 1084 1976 primumque
1108 1922 1279 1963 accersit
1302 1921 1495 1971 Acesten,

369 1986 408 2020 ct
431 1980 543 2021 Iovis
567 1980 782 2034 imperium
807 1988 847 2022 et
870 1983 953 2023 cari
975 1989 1192 2037 praecepta
1213 1983 1391 2038 parentis

369 2040 510 2081 edocet
534 2045 574 2080 et
596 2054 701 2093 quae
724 2055 832 2082 nunc
855 2042 990 2083 animo
1015 2044 1215 2084 sententia
1238 2050 1407 2084 constet.

369 2100 479 2141 haud
501 2115 615 2141 mora
637 2101 835 2151 consiliis,
860 2116 936 2142 nec
959 2102 1072 2143 iussa
1093 2109 1255 2144 recusat
1278 2102 1464 2145 Acestes.

369 2160 641 2202 transcribunt
665 2160 756 2202 urbi
779 2167 947 2211 matres,
973 2163 1251 2217 populumque
1274 2165 1477 2205 volentem

368 2222 592 2276 deponunt,
618 2222 774 2263 animos
798 2222 855 2263 nil
878 2237 1051 2278 magnae
1073 2223 1205 2265 laudis
1231 2231 1410 2279 egentes.

367 2282 447 2336 ipsi
470 2287 645 2323 transtra
666 2289 836 2332 novant,
862 2283 1118 2338 flammisque
1142 2284 1310 2326 ambesa
1332 2293 1532 2340 reponunt

366 2341 514 2383 robora
537 2343 730 2397 navigiis,
755 2350 896 2398 aptant
918 2359 1134 2398 remosque
1157 2346 1443 2399 rudentesque,

368 2403 506 2458 exigui
529 2418 716 2453 numero,
742 2405 815 2445 sed
838 2404 945 2447 bello
969 2406 1106 2447 vivida
1129 2406 1269 2447 virtus.

368 2465 521 2506 interea
543 2464 708 2507 Aeneas
734 2466 877 2521 urbem
901 2467 1089 2522 designat
1112 2473 1245 2509 aratro

369 2526 612 2579 sortiturque
637 2526 780 2567 domos
788 2543 799 2577 3
825 2527 902 2568 hoc
925 2528 1047 2569 Ilium
1072 2534 1113 2569 et
1134 2528 1237 2569 haec
1259 2528 1350 2570 loca
1373 2528 1537 2569 Troiam

369 2601 458 2627 esse
482 2587 605 2628 iubet.
630 2588 782 2643 gaudet
804 2603 931 2643 regno
955 2589 1157 2630 Troianus
1181 2588 1369 2637 Acestes,

367 2647 587 2700 indicitque
611 2648 744 2690 forum
769 2655 808 2690 et
829 2649 1012 2704 patribus
1038 2650 1105 2691 dat
1129 2650 1218 2691 iura
1240 2649 1406 2690 vocatis.

369 2713 454 2746 tum
478 2708 610 2748 vicina
634 2709 752 2749 astris
776 2709 955 2763 Erycino
978 2711 1021 2750 in
1043 2710 1192 2750 vertice
1217 2709 1333 2750 sedes
