1820 3080
257 414 321 444 420

255 715 319 746 425

256 1019 320 1050 430

257 1324 320 1354 435

258 1629 321 1659 440

255 1933 320 1963 445

255 2236 320 2267 450

256 2542 320 2571 455

348 290 429 333 286
747 298 788 332 P.
806 295 1036 332 VERGILII
1054 293 1279 331 MARONIS

347 400 425 451 „da
447 412 571 448 nunc,
598 396 756 451 Thybri
778 402 911 451 pater,
936 395 1044 437 ferro
1052 426 1063 446 ,
1089 395 1200 449 quod
1222 396 1376 438 missile
1399 396 1515 447 libro,

343 460 548 502 fortunam
571 464 693 511 atque
716 457 825 498 viam
849 457 941 497 duri
963 471 1037 511 per
1059 462 1203 511 pectus
1226 456 1410 499 Halaesi.

343 521 444 562 haec
466 534 579 560 arma
602 518 852 572 exuviasque
874 518 952 559 viri
974 524 1045 559 tua
1067 531 1241 571 quercus
1265 517 1472 560 habebit.“

343 581 470 623 audiit
491 580 562 622 illa
584 580 705 630 deus;
730 579 829 620 dum
852 580 953 620 texit
975 579 1147 620 Imaona
1170 579 1389 630 Halaesus,

342 640 521 683 Arcadio
544 640 689 682 infelix
711 640 792 682 telo
816 641 885 682 dat
907 646 1052 695 pectus
1076 640 1289 681 inermum.

345 708 386 744 at
408 717 492 744 non
514 702 639 743 caede
664 702 739 742 viri
762 707 875 743 tanta
897 701 1109 756 perterrita
1131 702 1312 751 Lausus,

342 778 437 818 pars
461 763 607 818 ingens
631 762 746 812 belli,
772 763 868 804 sinit
890 762 1074 818 agmina:
1098 762 1254 817 primus
1277 762 1485 804 Abantem

343 823 576 879 oppositum
598 824 816 879 interimit,
832 838 997 879 pugnae
1019 824 1255 878 nodumque
1279 838 1528 878 moramque.

344 885 535 927 sternitur
557 883 762 926 Arcadiae
775 885 939 940 proles,
966 890 1200 926 sternuntur
1222 884 1401 935 Etrusci,

345 951 385 988 et
407 961 501 996 vos,
527 961 552 987 o
577 944 700 988 Grais
724 946 925 1000 inperdita
948 960 1135 1000 corpora,
1161 945 1324 987 Teucri.

345 1007 508 1062 agmina
531 1016 775 1048 concurrunt
799 1006 1052 1060 ducibusque
1076 1013 1117 1048 et
1139 1006 1294 1048 viribus
1319 1007 1473 1061 aequis.

345 1068 515 1109 extremi
538 1067 764 1109 addensant
787 1068 914 1117 acies,
938 1081 1015 1108 neo
1038 1067 1158 1108 turba
1181 1067 1337 1108 moveri

345 1129 426 1170 tela
448 1143 676 1183 manusque
701 1128 808 1170 sinit.
832 1128 927 1170 hinc
950 1128 1088 1170 Pallas
1112 1128 1238 1169 instat
1261 1134 1302 1169 et
1324 1135 1484 1184 urguet,

344 1190 439 1231 hinc
463 1196 604 1231 contra
626 1190 814 1240 Lausus,
839 1204 915 1231 nec
939 1189 1113 1230 multum
1137 1189 1342 1244 discrepat
1365 1196 1490 1239 aetas,

345 1250 500 1306 egregii
523 1250 672 1300 forma,
699 1251 773 1291 sed
796 1250 886 1304 quis
911 1250 1075 1292 fortuna
1096 1256 1267 1306 negarat

345 1312 387 1352 in
408 1311 582 1366 patriam
604 1311 772 1352 reditus.
796 1311 907 1367 ipsos
932 1326 1171 1353 concurrere
1194 1326 1343 1366 passus

345 1372 455 1413 haud
478 1378 615 1413 tamen
636 1372 741 1413 inter
764 1386 808 1413 se
831 1373 972 1427 magni
993 1378 1185 1427 regnator
1210 1372 1380 1428 Olympi
1387 1389 1399 1424 3

345 1447 440 1474 mox
463 1432 554 1473 illos
579 1447 654 1473 sua
677 1432 763 1473 fata
785 1438 952 1473 manent
974 1433 1127 1474 maiore
1151 1432 1227 1475 sub
1251 1433 1381 1475 hoste.

400 1493 563 1534 Interea
587 1507 701 1534 soror
723 1493 831 1534 alma
853 1499 994 1535 monet
1017 1494 1236 1536 succedere
1259 1495 1404 1536 Lauso

346 1554 549 1604 Turnum,
575 1554 646 1608 qui
668 1554 824 1596 volucri
847 1569 967 1595 curru
990 1555 1173 1596 medium
1197 1561 1308 1597 secat
1331 1571 1491 1611 agmen.

345 1622 389 1656 ut
411 1615 514 1656 vidit
537 1616 687 1657 socios:
716 1622 902 1670 „tempus
927 1615 1123 1657 desistere
1146 1631 1311 1672 pugnae
1318 1632 1330 1666 ;

346 1676 456 1718 solus
481 1691 559 1732 ego
582 1676 626 1717 in
647 1676 837 1718 Pallanta
859 1677 987 1727 feror,
1014 1677 1089 1719 soli
1112 1677 1213 1718 mihi
1234 1677 1375 1719 Pallas

345 1737 532 1788 debetur3
558 1752 749 1792 cuperem
771 1738 860 1793 ipse
883 1753 1032 1793 parens
1058 1744 1262 1793 spectator
1284 1739 1486 1781 adesset.‘·'

344 1798 447 1839 haec
470 1798 542 1848 ait,
569 1805 609 1839 et
633 1799 732 1840 socii
756 1805 966 1840 cesserunt
990 1814 1165 1853 aequore
1188 1800 1314 1841 iusso.

345 1864 387 1900 at
408 1858 608 1900 Rutulum
632 1859 829 1900 abscessu
851 1859 1010 1901 iuvenis
1035 1866 1141 1910 tum,
1165 1860 1280 1902 iussa
1304 1860 1482 1916 superba

344 1920 532 1970 miratus,
558 1925 696 1974 stupet
717 1920 760 1960 in
783 1920 942 1969 Turno,
968 1934 1196 1975 corpusque
1219 1935 1294 1975 per
1315 1922 1460 1976 ingens

343 1980 499 2021 lumina
521 1980 666 2030 volvit,
691 1980 857 2034 obitque
881 1981 985 2022 truci
1007 1982 1150 2036 procul
1173 1982 1310 2023 omnia
1332 1983 1437 2031 visu,

344 2040 493 2082 talibus
518 2047 559 2082 et
582 2041 699 2082 dictis
724 2041 755 2082 it
779 2047 919 2083 contra
942 2042 1050 2083 dicta
1074 2042 1252 2096 tyranni:

346 2107 443 2153 „aut
466 2101 606 2156 spoliis
631 2116 709 2157 ego
731 2102 815 2143 iam
836 2102 964 2157 raptis
987 2102 1187 2144 laudabor
1210 2103 1369 2157 opimis,

344 2168 415 2204 aut
436 2162 518 2204 leto
541 2163 692 2218 insigni
700 2179 711 2212 ;
739 2163 838 2204 sorti
859 2169 976 2218 pater
998 2177 1154 2216 aequus
1178 2164 1338 2217 utrique
1362 2170 1435 2206 est.

343 2223 439 2265 tolle
462 2223 634 2265 minas.“
659 2223 769 2265 fatus
792 2224 974 2264 medium
996 2224 1179 2278 procedit
1201 2224 1245 2265 in
1267 2239 1430 2278 aequor.

343 2283 517 2339 frigidus
541 2284 774 2326 Arcadibus
799 2285 878 2326 coit
901 2285 945 2326 in
966 2285 1204 2339 praecordia
1228 2286 1408 2341 sanguis.

344 2345 508 2387 desiluit
531 2345 696 2387 Turnus
720 2345 890 2402 biiugis,
915 2346 1041 2401 pedes
1066 2353 1235 2401 apparat
1258 2347 1317 2388 ire

345 2406 584 2448 comminus.
610 2413 736 2461 utque
759 2407 842 2458 leo,
869 2408 1036 2462 specula
1060 2422 1154 2449 cum
1177 2408 1280 2449 vidit
1303 2408 1355 2450 ab
1380 2408 1461 2449 alta

347 2474 452 2508 stare
475 2467 616 2522 procul
641 2469 796 2523 campis
819 2469 1083 2510 meditantem
1106 2469 1150 2509 in
1172 2469 1327 2523 proelia
1349 2475 1522 2518 taurum,

345 2527 525 2578 advolat,
550 2528 661 2570 haud
683 2529 763 2571 alia
786 2535 849 2571 est
873 2529 1002 2570 Turni
1025 2529 1224 2571 venientis
1248 2530 1397 2585 imago.

344 2588 452 2630 hune
477 2588 548 2631 ubi
570 2590 807 2646 contiguum
830 2591 981 2632 missae
1005 2590 1092 2632 fore
1116 2591 1286 2631 credidit
1308 2590 1462 2639 hastae,

344 2649 402 2690 ire
425 2650 535 2703 prior
556 2650 714 2701 Pallas,
740 2651 776 2693 si
798 2666 881 2706 qua
903 2652 989 2693 fors
1013 2651 1178 2693 adiuvet
1201 2666 1347 2693 ausum

345 2709 500 2752 viribus
524 2711 752 2766 inparibus,
776 2726 1053 2768 magnumque
1075 2713 1133 2754 ita
1155 2713 1209 2754 ad
1231 2712 1395 2754 aethera
1417 2711 1543 2753 fatur:
