<?xml version="1.0" encoding="UTF-8"?>
<!DOCTYPE html PUBLIC "-//W3C//DTD XHTML 1.0 Transitional//EN"
    "http://www.w3.org/TR/xhtml1/DTD/xhtml1-transitional.dtd">
<html xmlns="http://www.w3.org/1999/xhtml" xml:lang="en" lang="en">
 <head>
  <title>
</title>
<meta http-equiv="Content-Type" content="text/html;charset=utf-8" />
  <meta name='ocr-system' content='tesseract 3.04.00' />
  <meta name='ocr-capabilities' content='ocr_page ocr_carea ocr_par ocr_line ocrx_word'/>
</head>
<body>
  <div class='ocr_page' id='page_1' title='image "./operavirg00virguoft_0091.png"; bbox 0 0 1780 3074; ppageno 0'>
   <div class='ocr_carea' id='block_1_1' title="bbox 529 283 1462 333">
    <p class='ocr_par' dir='ltr' id='par_1_1' title="bbox 529 283 1462 333">
     <span class='ocr_line' id='line_1_1' title="bbox 529 283 1462 333; baseline -0.008 -1"><span class='ocrx_word' id='word_1_1' title='bbox 529 294 828 333; x_wconf 83' lang='lat' dir='ltr'>GEORGICON</span> <span class='ocrx_word' id='word_1_2' title='bbox 846 294 944 331; x_wconf 89' lang='lat' dir='ltr'><strong>LIB.</strong></span> <span class='ocrx_word' id='word_1_3' title='bbox 962 295 1032 330; x_wconf 91' lang='lat'>111.</span> <span class='ocrx_word' id='word_1_4' title='bbox 1406 283 1462 326; x_wconf 80' lang='grc'>59</span> 
     </span>
    </p>
   </div>
   <div class='ocr_carea' id='block_1_2' title="bbox 99 398 1529 457">
    <p class='ocr_par' dir='ltr' id='par_1_2' title="bbox 99 398 1529 457">
     <span class='ocr_line' id='line_1_2' title="bbox 99 398 1529 457; baseline -0.002 -13"><span class='ocrx_word' id='word_1_5' title='bbox 99 408 222 457; x_wconf 86' lang='lat' dir='ltr'>atque</span> <span class='ocrx_word' id='word_1_6' title='bbox 251 401 375 443; x_wconf 89' lang='lat' dir='ltr'>aliam</span> <span class='ocrx_word' id='word_1_7' title='bbox 399 415 452 443; x_wconf 84' lang='lat' dir='ltr'>ex</span> <span class='ocrx_word' id='word_1_8' title='bbox 474 400 555 442; x_wconf 85' lang='lat' dir='ltr'>alia</span> <span class='ocrx_word' id='word_1_9' title='bbox 577 399 814 456; x_wconf 85' lang='lat' dir='ltr'>generando</span> <span class='ocrx_word' id='word_1_10' title='bbox 839 398 986 442; x_wconf 88' lang='lat' dir='ltr'>suffice</span> <span class='ocrx_word' id='word_1_11' title='bbox 1009 398 1180 454; x_wconf 91' lang='lat' dir='ltr'>prolem.</span> <span class='ocrx_word' id='word_1_12' title='bbox 1227 426 1236 430; x_wconf 38' lang='grc' dir='ltr'><em>ψ</em></span> <span class='ocrx_word' id='word_1_13' title='bbox 1444 415 1449 420; x_wconf 62' lang='grc'><strong>“</strong></span> <span class='ocrx_word' id='word_1_14' title='bbox 1487 409 1529 441; x_wconf 83' lang='lat'>65</span> 
     </span>
    </p>
   </div>
   <div class='ocr_carea' id='block_1_3' title="bbox 26 460 1152 520">
    <p class='ocr_par' dir='ltr' id='par_1_3' title="bbox 26 460 1152 520">
     <span class='ocr_line' id='line_1_3' title="bbox 26 460 1152 520; baseline -0.003 -14"><span class='ocrx_word' id='word_1_15' title='bbox 26 512 28 514; x_wconf 49' lang='grc'><strong>,</strong></span> <span class='ocrx_word' id='word_1_16' title='bbox 99 464 254 520; x_wconf 87' lang='lat' dir='ltr'>optima</span> <span class='ocrx_word' id='word_1_17' title='bbox 276 477 466 518; x_wconf 82' lang='lat' dir='ltr'>quaeque</span> <span class='ocrx_word' id='word_1_18' title='bbox 490 462 579 505; x_wconf 86' lang='lat' dir='ltr'>dies</span> <span class='ocrx_word' id='word_1_19' title='bbox 603 462 764 504; x_wconf 88' lang='lat' dir='ltr'>miseris</span> <span class='ocrx_word' id='word_1_20' title='bbox 789 461 1033 504; x_wconf 77' lang='lat' dir='ltr'>mortalibus</span> <span class='ocrx_word' id='word_1_21' title='bbox 1057 460 1152 503; x_wconf 89' lang='lat' dir='ltr'>aevi</span> 
     </span>
    </p>
   </div>
   <div class='ocr_carea' id='block_1_4' title="bbox 97 523 1556 2820">
    <p class='ocr_par' dir='ltr' id='par_1_4' title="bbox 99 523 1215 583">
     <span class='ocr_line' id='line_1_4' title="bbox 99 523 1215 583; baseline -0.003 -15"><span class='ocrx_word' id='word_1_22' title='bbox 99 526 233 583; x_wconf 85' lang='lat' dir='ltr'>prima</span> <span class='ocrx_word' id='word_1_23' title='bbox 254 525 382 582; x_wconf 56' lang='lat' dir='ltr'>fugin</span> <span class='ocrx_word' id='word_1_24' title='bbox 408 524 589 567; x_wconf 89' lang='lat' dir='ltr'>subeunt</span> <span class='ocrx_word' id='word_1_25' title='bbox 611 523 746 566; x_wconf 91' lang='lat' dir='ltr'><strong>morbi</strong></span> <span class='ocrx_word' id='word_1_26' title='bbox 770 524 983 579; x_wconf 86' lang='lat' dir='ltr'>tristisque</span> <span class='ocrx_word' id='word_1_27' title='bbox 1008 528 1215 573; x_wconf 84' lang='lat' dir='ltr'>senectus,</span> 
     </span>
    </p>

    <p class='ocr_par' dir='ltr' id='par_1_5' title="bbox 98 586 1087 642">
     <span class='ocr_line' id='line_1_5' title="bbox 98 586 1087 642; baseline -0.003 -12"><span class='ocrx_word' id='word_1_28' title='bbox 98 595 139 630; x_wconf 89' lang='lat' dir='ltr'>et</span> <span class='ocrx_word' id='word_1_29' title='bbox 160 587 278 630; x_wconf 83' lang='lat' dir='ltr'>labor</span> <span class='ocrx_word' id='word_1_30' title='bbox 301 594 342 629; x_wconf 90' lang='lat' dir='ltr'>et</span> <span class='ocrx_word' id='word_1_31' title='bbox 365 587 492 629; x_wconf 89' lang='lat' dir='ltr'>durae</span> <span class='ocrx_word' id='word_1_32' title='bbox 515 586 624 642; x_wconf 85' lang='lat' dir='ltr'>rapit</span> <span class='ocrx_word' id='word_1_33' title='bbox 645 586 908 628; x_wconf 86' lang='lat' dir='ltr'>inclementia</span> <span class='ocrx_word' id='word_1_34' title='bbox 930 586 1087 628; x_wconf 86' lang='lat' dir='ltr'>mortis.</span> 
     </span>
    </p>

    <p class='ocr_par' dir='ltr' id='par_1_6' title="bbox 98 647 1167 706">
     <span class='ocr_line' id='line_1_6' title="bbox 98 647 1167 706; baseline -0.003 -14"><span class='ocrx_word' id='word_1_35' title='bbox 98 664 262 706; x_wconf 85' lang='lat' dir='ltr'>semper</span> <span class='ocrx_word' id='word_1_36' title='bbox 285 656 421 700; x_wconf 88' lang='lat' dir='ltr'>erunt,</span> <span class='ocrx_word' id='word_1_37' title='bbox 447 663 623 703; x_wconf 87' lang='lat' dir='ltr'>quarum</span> <span class='ocrx_word' id='word_1_38' title='bbox 645 648 796 690; x_wconf 89' lang='lat' dir='ltr'>mutari</span> <span class='ocrx_word' id='word_1_39' title='bbox 819 663 992 703; x_wconf 87' lang='lat' dir='ltr'>corpora</span> <span class='ocrx_word' id='word_1_40' title='bbox 1014 647 1167 689; x_wconf 82' lang='lat' dir='ltr'>mavis:</span> 
     </span>
    </p>

    <p class='ocr_par' dir='ltr' id='par_1_7' title="bbox 97 710 1532 828">
     <span class='ocr_line' id='line_1_7' title="bbox 99 710 1532 768; baseline -0.002 -14"><span class='ocrx_word' id='word_1_41' title='bbox 99 727 262 768; x_wconf 82' lang='lat' dir='ltr'>semper</span> <span class='ocrx_word' id='word_1_42' title='bbox 285 712 395 754; x_wconf 90' lang='lat' dir='ltr'>enim</span> <span class='ocrx_word' id='word_1_43' title='bbox 418 711 560 762; x_wconf 87' lang='lat' dir='ltr'>refice,</span> <span class='ocrx_word' id='word_1_44' title='bbox 585 725 654 761; x_wconf 89' lang='lat' dir='ltr'>ac,</span> <span class='ocrx_word' id='word_1_45' title='bbox 678 725 731 752; x_wconf 91' lang='lat' dir='ltr'>ne</span> <span class='ocrx_word' id='word_1_46' title='bbox 754 717 851 766; x_wconf 88' lang='lat' dir='ltr'>post</span> <span class='ocrx_word' id='word_1_47' title='bbox 874 711 1029 753; x_wconf 91' lang='lat' dir='ltr'>amissa</span> <span class='ocrx_word' id='word_1_48' title='bbox 1051 710 1251 765; x_wconf 84' lang='lat' dir='ltr'><strong>requiras,</strong></span> <span class='ocrx_word' id='word_1_49' title='bbox 1490 719 1532 751; x_wconf 84' lang='lat'>70</span> 
     </span>
     <span class='ocr_line' id='line_1_8' title="bbox 97 773 1515 828; baseline -0.002 -11"><span class='ocrx_word' id='word_1_50' title='bbox 97 774 286 817; x_wconf 84' lang='lat' dir='ltr'>anteveni</span> <span class='ocrx_word' id='word_1_51' title='bbox 311 781 351 816; x_wconf 91' lang='lat' dir='ltr'>et</span> <span class='ocrx_word' id='word_1_52' title='bbox 375 773 564 816; x_wconf 84' lang='lat' dir='ltr'>subolem</span> <span class='ocrx_word' id='word_1_53' title='bbox 587 779 772 815; x_wconf 87' lang='lat' dir='ltr'>armento</span> <span class='ocrx_word' id='word_1_54' title='bbox 798 773 942 815; x_wconf 86' lang='lat' dir='ltr'>sortire</span> <span class='ocrx_word' id='word_1_55' title='bbox 966 779 1068 828; x_wconf 89' lang='lat' dir='ltr'>quot</span> <span class='ocrx_word' id='word_1_56' title='bbox 1091 773 1224 815; x_wconf 88' lang='lat' dir='ltr'>annis.</span> <span class='ocrx_word' id='word_1_57' title='bbox 1495 785 1515 790; x_wconf 76' lang='grc'>·’</span> 
     </span>
    </p>

    <p class='ocr_par' dir='ltr' id='par_1_8' title="bbox 97 835 1535 2261">
     <span class='ocr_line' id='line_1_9' title="bbox 152 835 1183 891; baseline 0 -13"><span class='ocrx_word' id='word_1_58' title='bbox 152 836 241 878; x_wconf 86' lang='lat' dir='ltr'>Nec</span> <span class='ocrx_word' id='word_1_59' title='bbox 263 850 347 878; x_wconf 90' lang='lat' dir='ltr'>non</span> <span class='ocrx_word' id='word_1_60' title='bbox 371 842 412 877; x_wconf 91' lang='lat' dir='ltr'>et</span> <span class='ocrx_word' id='word_1_61' title='bbox 434 835 574 891; x_wconf 89' lang='lat' dir='ltr'>pecori</span> <span class='ocrx_word' id='word_1_62' title='bbox 597 841 662 877; x_wconf 87' lang='lat' dir='ltr'>est</span> <span class='ocrx_word' id='word_1_63' title='bbox 683 835 795 876; x_wconf 90' lang='lat' dir='ltr'>idem</span> <span class='ocrx_word' id='word_1_64' title='bbox 819 835 993 877; x_wconf 87' lang='lat' dir='ltr'>dilectus</span> <span class='ocrx_word' id='word_1_65' title='bbox 1019 835 1183 889; x_wconf 85' lang='lat' dir='ltr'>equino.</span> 
     </span>
     <span class='ocr_line' id='line_1_10' title="bbox 99 896 1271 954; baseline -0.002 -14"><span class='ocrx_word' id='word_1_66' title='bbox 99 909 143 940; x_wconf 89' lang='lat' dir='ltr'>tu</span> <span class='ocrx_word' id='word_1_67' title='bbox 166 898 308 949; x_wconf 90' lang='lat' dir='ltr'>modo,</span> <span class='ocrx_word' id='word_1_68' title='bbox 333 911 437 952; x_wconf 91' lang='lat' dir='ltr'>quos</span> <span class='ocrx_word' id='word_1_69' title='bbox 461 897 505 938; x_wconf 92' lang='lat' dir='ltr'>in</span> <span class='ocrx_word' id='word_1_70' title='bbox 530 911 647 952; x_wconf 88' lang='lat' dir='ltr'>spem</span> <span class='ocrx_word' id='word_1_71' title='bbox 671 903 828 939; x_wconf 82' lang='lat' dir='ltr'>statues</span> <span class='ocrx_word' id='word_1_72' title='bbox 853 896 1094 939; x_wconf 82' lang='lat' dir='ltr'>submittere</span> <span class='ocrx_word' id='word_1_73' title='bbox 1118 897 1271 954; x_wconf 84' lang='lat' dir='ltr'>gentis,</span> 
     </span>
     <span class='ocr_line' id='line_1_11' title="bbox 97 958 1239 1017; baseline -0.001 -15"><span class='ocrx_word' id='word_1_74' title='bbox 97 960 365 1017; x_wconf 87' lang='lat' dir='ltr'>praecipuum</span> <span class='ocrx_word' id='word_1_75' title='bbox 388 959 472 1001; x_wconf 90' lang='lat' dir='ltr'>iam</span> <span class='ocrx_word' id='word_1_76' title='bbox 494 959 592 1000; x_wconf 91' lang='lat' dir='ltr'>inde</span> <span class='ocrx_word' id='word_1_77' title='bbox 616 974 642 1001; x_wconf 87' lang='lat' dir='ltr'>a</span> <span class='ocrx_word' id='word_1_78' title='bbox 664 959 816 1002; x_wconf 89' lang='lat' dir='ltr'>teneris</span> <span class='ocrx_word' id='word_1_79' title='bbox 839 959 1018 1014; x_wconf 88' lang='lat' dir='ltr'>inpende</span> <span class='ocrx_word' id='word_1_80' title='bbox 1042 958 1239 1001; x_wconf 87' lang='lat' dir='ltr'>laborem.</span> 
     </span>
     <span class='ocr_line' id='line_1_12' title="bbox 98 1021 1532 1078; baseline 0 -13"><span class='ocrx_word' id='word_1_81' title='bbox 98 1023 291 1065; x_wconf 89' lang='lat' dir='ltr'>continuo</span> <span class='ocrx_word' id='word_1_82' title='bbox 314 1022 474 1078; x_wconf 88' lang='lat' dir='ltr'>pecoris</span> <span class='ocrx_word' id='word_1_83' title='bbox 498 1021 691 1078; x_wconf 82' lang='lat' dir='ltr'>generosi</span> <span class='ocrx_word' id='word_1_84' title='bbox 713 1021 852 1077; x_wconf 87' lang='lat' dir='ltr'>pullus</span> <span class='ocrx_word' id='word_1_85' title='bbox 876 1022 920 1063; x_wconf 90' lang='lat' dir='ltr'>in</span> <span class='ocrx_word' id='word_1_86' title='bbox 943 1022 1054 1064; x_wconf 86' lang='lat' dir='ltr'>arvis</span> <span class='ocrx_word' id='word_1_87' title='bbox 1490 1035 1532 1065; x_wconf 81' lang='lat'>75</span> 
     </span>
     <span class='ocr_line' id='line_1_13' title="bbox 97 1083 1042 1141; baseline -0.001 -14"><span class='ocrx_word' id='word_1_88' title='bbox 97 1085 218 1127; x_wconf 81' lang='lat' dir='ltr'>altius</span> <span class='ocrx_word' id='word_1_89' title='bbox 242 1084 470 1141; x_wconf 84' lang='lat' dir='ltr'>ingreditur</span> <span class='ocrx_word' id='word_1_90' title='bbox 492 1092 534 1126; x_wconf 89' lang='lat' dir='ltr'>et</span> <span class='ocrx_word' id='word_1_91' title='bbox 556 1084 697 1126; x_wconf 91' lang='lat' dir='ltr'>mollia</span> <span class='ocrx_word' id='word_1_92' title='bbox 720 1098 839 1126; x_wconf 86' lang='lat' dir='ltr'>crura</span> <span class='ocrx_word' id='word_1_93' title='bbox 861 1083 1023 1140; x_wconf 77' lang='lat' dir='ltr'>reponit</span> <span class='ocrx_word' id='word_1_94' title='bbox 1030 1100 1042 1135; x_wconf 92' lang='lat'>;</span> 
     </span>
     <span class='ocr_line' id='line_1_14' title="bbox 97 1146 1205 1205; baseline -0.002 -15"><span class='ocrx_word' id='word_1_95' title='bbox 97 1148 253 1205; x_wconf 90' lang='lat' dir='ltr'>primus</span> <span class='ocrx_word' id='word_1_96' title='bbox 279 1155 318 1189; x_wconf 90' lang='lat' dir='ltr'>et</span> <span class='ocrx_word' id='word_1_97' title='bbox 341 1147 401 1188; x_wconf 87' lang='lat' dir='ltr'>ire</span> <span class='ocrx_word' id='word_1_98' title='bbox 423 1147 535 1188; x_wconf 86' lang='lat' dir='ltr'>viam</span> <span class='ocrx_word' id='word_1_99' title='bbox 558 1154 600 1188; x_wconf 91' lang='lat' dir='ltr'>et</span> <span class='ocrx_word' id='word_1_100' title='bbox 622 1146 771 1189; x_wconf 88' lang='lat' dir='ltr'>fluvios</span> <span class='ocrx_word' id='word_1_101' title='bbox 795 1153 997 1203; x_wconf 89' lang='lat' dir='ltr'>temptare</span> <span class='ocrx_word' id='word_1_102' title='bbox 1021 1146 1205 1188; x_wconf 81' lang='lat' dir='ltr'>minaces</span> 
     </span>
     <span class='ocr_line' id='line_1_15' title="bbox 99 1210 1012 1266; baseline -0.002 -13"><span class='ocrx_word' id='word_1_103' title='bbox 99 1211 222 1253; x_wconf 83' lang='lat' dir='ltr'>audet</span> <span class='ocrx_word' id='word_1_104' title='bbox 245 1217 286 1252; x_wconf 91' lang='lat' dir='ltr'>et</span> <span class='ocrx_word' id='word_1_105' title='bbox 307 1210 451 1266; x_wconf 87' lang='lat' dir='ltr'>ignoto</span> <span class='ocrx_word' id='word_1_106' title='bbox 475 1223 567 1251; x_wconf 86' lang='lat' dir='ltr'>sese</span> <span class='ocrx_word' id='word_1_107' title='bbox 592 1210 847 1252; x_wconf 85' lang='lat' dir='ltr'>committere</span> <span class='ocrx_word' id='word_1_108' title='bbox 869 1215 1012 1266; x_wconf 91' lang='lat' dir='ltr'>ponto,</span> 
     </span>
     <span class='ocr_line' id='line_1_16' title="bbox 99 1271 1129 1327; baseline -0.001 -12"><span class='ocrx_word' id='word_1_109' title='bbox 99 1287 176 1315; x_wconf 86' lang='lat' dir='ltr'>nee</span> <span class='ocrx_word' id='word_1_110' title='bbox 199 1286 329 1314; x_wconf 80' lang='lat' dir='ltr'>vanos</span> <span class='ocrx_word' id='word_1_111' title='bbox 353 1271 492 1314; x_wconf 85' lang='lat' dir='ltr'>horret</span> <span class='ocrx_word' id='word_1_112' title='bbox 516 1272 725 1327; x_wconf 89' lang='lat' dir='ltr'>strepitus.</span> <span class='ocrx_word' id='word_1_113' title='bbox 749 1271 811 1313; x_wconf 89' lang='lat' dir='ltr'>illi</span> <span class='ocrx_word' id='word_1_114' title='bbox 833 1272 964 1314; x_wconf 88' lang='lat' dir='ltr'>ardua</span> <span class='ocrx_word' id='word_1_115' title='bbox 988 1271 1129 1314; x_wconf 84' lang='lat' dir='ltr'>cervix</span> 
     </span>
     <span class='ocr_line' id='line_1_17' title="bbox 100 1333 1534 1391; baseline 0.001 -16"><span class='ocrx_word' id='word_1_116' title='bbox 100 1340 375 1391; x_wconf 85' lang='lat' dir='ltr'>argutumque</span> <span class='ocrx_word' id='word_1_117' title='bbox 400 1339 542 1389; x_wconf 88' lang='lat' dir='ltr'>caput,</span> <span class='ocrx_word' id='word_1_118' title='bbox 566 1333 705 1376; x_wconf 90' lang='lat' dir='ltr'>brevis</span> <span class='ocrx_word' id='word_1_119' title='bbox 729 1333 848 1376; x_wconf 88' lang='lat' dir='ltr'>alvus</span> <span class='ocrx_word' id='word_1_120' title='bbox 873 1333 1084 1388; x_wconf 88' lang='lat' dir='ltr'>obesaque</span> <span class='ocrx_word' id='word_1_121' title='bbox 1108 1340 1239 1390; x_wconf 85' lang='lat' dir='ltr'>terga,</span> <span class='ocrx_word' id='word_1_122' title='bbox 1490 1346 1534 1377; x_wconf 88' lang='lat'>80</span> 
     </span>
     <span class='ocr_line' id='line_1_18' title="bbox 106 1395 1514 1451; baseline 0 -13"><span class='ocrx_word' id='word_1_123' title='bbox 106 1396 367 1450; x_wconf 85' lang='lat' dir='ltr'>luxuriatque</span> <span class='ocrx_word' id='word_1_124' title='bbox 392 1395 491 1437; x_wconf 90' lang='lat' dir='ltr'>toris</span> <span class='ocrx_word' id='word_1_125' title='bbox 516 1395 750 1437; x_wconf 82' lang='lat' dir='ltr'>animosum</span> <span class='ocrx_word' id='word_1_126' title='bbox 771 1402 938 1451; x_wconf 84' lang='lat' dir='ltr'>peotus3</span> <span class='ocrx_word' id='word_1_127' title='bbox 963 1396 1130 1438; x_wconf 87' lang='lat' dir='ltr'>honesti</span> <span class='ocrx_word' id='word_1_128' title='bbox 1510 1409 1514 1413; x_wconf 93' lang='grc'><em>·</em></span> 
     </span>
     <span class='ocr_line' id='line_1_19' title="bbox 100 1457 1115 1517; baseline 0 -17"><span class='ocrx_word' id='word_1_129' title='bbox 100 1458 288 1514; x_wconf 86' lang='lat' dir='ltr'>spadices</span> <span class='ocrx_word' id='word_1_130' title='bbox 312 1457 550 1514; x_wconf 88' lang='lat' dir='ltr'>glaucique‚</span> <span class='ocrx_word' id='word_1_131' title='bbox 575 1457 689 1499; x_wconf 88' lang='lat' dir='ltr'>color</span> <span class='ocrx_word' id='word_1_132' title='bbox 710 1458 954 1500; x_wconf 88' lang='lat' dir='ltr'>deterrimus</span> <span class='ocrx_word' id='word_1_133' title='bbox 979 1458 1085 1500; x_wconf 85' lang='lat' dir='ltr'>albis</span> <span class='ocrx_word' id='word_1_134' title='bbox 1110 1510 1115 1517; x_wconf 18' lang='lat' dir='ltr'>k</span> 
     </span>
     <span class='ocr_line' id='line_1_20' title="bbox 99 1519 1257 1577; baseline 0 -15"><span class='ocrx_word' id='word_1_135' title='bbox 99 1528 140 1562; x_wconf 90' lang='lat' dir='ltr'>et</span> <span class='ocrx_word' id='word_1_136' title='bbox 162 1520 289 1577; x_wconf 87' lang='lat' dir='ltr'>gilvo.</span> <span class='ocrx_word' id='word_1_137' title='bbox 314 1526 421 1569; x_wconf 90' lang='lat' dir='ltr'>tum,</span> <span class='ocrx_word' id='word_1_138' title='bbox 448 1519 483 1560; x_wconf 87' lang='lat' dir='ltr'>si</span> <span class='ocrx_word' id='word_1_139' title='bbox 507 1534 591 1574; x_wconf 90' lang='lat' dir='ltr'>qua</span> <span class='ocrx_word' id='word_1_140' title='bbox 615 1534 763 1562; x_wconf 89' lang='lat' dir='ltr'>sonum</span> <span class='ocrx_word' id='word_1_141' title='bbox 786 1519 932 1575; x_wconf 85' lang='lat' dir='ltr'>procul</span> <span class='ocrx_word' id='word_1_142' title='bbox 955 1535 1071 1562; x_wconf 87' lang='lat' dir='ltr'>arma</span> <span class='ocrx_word' id='word_1_143' title='bbox 1093 1519 1257 1571; x_wconf 88' lang='lat' dir='ltr'>dedere,</span> 
     </span>
     <span class='ocr_line' id='line_1_21' title="bbox 100 1581 1214 1633; baseline 0 -9"><span class='ocrx_word' id='word_1_144' title='bbox 100 1589 207 1624; x_wconf 87' lang='lat' dir='ltr'>stare</span> <span class='ocrx_word' id='word_1_145' title='bbox 230 1581 322 1624; x_wconf 90' lang='lat' dir='ltr'>loco</span> <span class='ocrx_word' id='word_1_146' title='bbox 345 1581 495 1632; x_wconf 88' lang='lat' dir='ltr'>nescit,</span> <span class='ocrx_word' id='word_1_147' title='bbox 520 1582 646 1624; x_wconf 83' lang='lat' dir='ltr'>micat</span> <span class='ocrx_word' id='word_1_148' title='bbox 669 1581 837 1624; x_wconf 90' lang='lat' dir='ltr'>auribus</span> <span class='ocrx_word' id='word_1_149' title='bbox 863 1588 904 1624; x_wconf 91' lang='lat' dir='ltr'>et</span> <span class='ocrx_word' id='word_1_150' title='bbox 927 1582 1064 1624; x_wconf 88' lang='lat' dir='ltr'>tremit</span> <span class='ocrx_word' id='word_1_151' title='bbox 1087 1588 1214 1633; x_wconf 71' lang='lat' dir='ltr'>artus,</span> 
     </span>
     <span class='ocr_line' id='line_1_22' title="bbox 101 1643 1532 1700; baseline 0.001 -13"><span class='ocrx_word' id='word_1_152' title='bbox 101 1644 400 1699; x_wconf 89' lang='lat' dir='ltr'>collectumque</span> <span class='ocrx_word' id='word_1_153' title='bbox 423 1643 604 1686; x_wconf 87' lang='lat' dir='ltr'>fremens</span> <span class='ocrx_word' id='word_1_154' title='bbox 628 1644 758 1686; x_wconf 89' lang='lat' dir='ltr'>volvit</span> <span class='ocrx_word' id='word_1_155' title='bbox 782 1644 859 1687; x_wconf 91' lang='lat' dir='ltr'>sub</span> <span class='ocrx_word' id='word_1_156' title='bbox 883 1644 1053 1687; x_wconf 90' lang='lat' dir='ltr'>naribus</span> <span class='ocrx_word' id='word_1_157' title='bbox 1077 1644 1232 1700; x_wconf 86' lang='lat' dir='ltr'>ignem.</span> <span class='ocrx_word' id='word_1_158' title='bbox 1489 1657 1532 1688; x_wconf 87' lang='lat'>85</span> 
     </span>
     <span class='ocr_line' id='line_1_23' title="bbox 104 1705 1232 1757; baseline 0 -9"><span class='ocrx_word' id='word_1_159' title='bbox 104 1707 234 1749; x_wconf 87' lang='lat' dir='ltr'>densa</span> <span class='ocrx_word' id='word_1_160' title='bbox 256 1705 374 1757; x_wconf 91' lang='lat' dir='ltr'>iuba,</span> <span class='ocrx_word' id='word_1_161' title='bbox 400 1712 442 1748; x_wconf 91' lang='lat' dir='ltr'>et</span> <span class='ocrx_word' id='word_1_162' title='bbox 465 1706 610 1748; x_wconf 84' lang='lat' dir='ltr'>dextro</span> <span class='ocrx_word' id='word_1_163' title='bbox 633 1706 785 1748; x_wconf 87' lang='lat' dir='ltr'>iactata</span> <span class='ocrx_word' id='word_1_164' title='bbox 806 1706 1008 1749; x_wconf 84' lang='lat' dir='ltr'>recumbit</span> <span class='ocrx_word' id='word_1_165' title='bbox 1030 1707 1074 1748; x_wconf 92' lang='lat' dir='ltr'>in</span> <span class='ocrx_word' id='word_1_166' title='bbox 1098 1721 1232 1757; x_wconf 85' lang='lat' dir='ltr'>armo3</span> 
     </span>
     <span class='ocr_line' id='line_1_24' title="bbox 101 1768 1158 1824; baseline 0.001 -15"><span class='ocrx_word' id='word_1_167' title='bbox 101 1776 143 1810; x_wconf 84' lang='lat' dir='ltr'>at</span> <span class='ocrx_word' id='word_1_168' title='bbox 166 1768 322 1824; x_wconf 85' lang='lat' dir='ltr'>duplex</span> <span class='ocrx_word' id='word_1_169' title='bbox 344 1768 482 1824; x_wconf 83' lang='lat' dir='ltr'>agitur</span> <span class='ocrx_word' id='word_1_170' title='bbox 503 1783 578 1824; x_wconf 89' lang='lat' dir='ltr'>per</span> <span class='ocrx_word' id='word_1_171' title='bbox 599 1768 764 1811; x_wconf 87' lang='lat' dir='ltr'>lumbos</span> <span class='ocrx_word' id='word_1_172' title='bbox 791 1769 929 1824; x_wconf 85' lang='lat' dir='ltr'>spina3</span> <span class='ocrx_word' id='word_1_173' title='bbox 955 1775 1158 1823; x_wconf 86' lang='lat' dir='ltr'>cavatque</span> 
     </span>
     <span class='ocr_line' id='line_1_25' title="bbox 99 1830 1201 1887; baseline 0 -15"><span class='ocrx_word' id='word_1_174' title='bbox 99 1831 287 1872; x_wconf 86' lang='lat' dir='ltr'>tellurem</span> <span class='ocrx_word' id='word_1_175' title='bbox 311 1837 352 1872; x_wconf 88' lang='lat' dir='ltr'>et</span> <span class='ocrx_word' id='word_1_176' title='bbox 376 1830 507 1872; x_wconf 84' lang='lat' dir='ltr'>solido</span> <span class='ocrx_word' id='word_1_177' title='bbox 530 1831 712 1886; x_wconf 87' lang='lat' dir='ltr'>graviter</span> <span class='ocrx_word' id='word_1_178' title='bbox 735 1837 856 1873; x_wconf 86' lang='lat' dir='ltr'>sonat</span> <span class='ocrx_word' id='word_1_179' title='bbox 879 1831 1037 1887; x_wconf 84' lang='lat' dir='ltr'>ungula</span> <span class='ocrx_word' id='word_1_180' title='bbox 1060 1845 1201 1873; x_wconf 85' lang='lat' dir='ltr'>cornu.</span> 
     </span>
     <span class='ocr_line' id='line_1_26' title="bbox 100 1892 1048 1948; baseline 0.001 -14"><span class='ocrx_word' id='word_1_181' title='bbox 100 1893 193 1934; x_wconf 86' lang='lat' dir='ltr'>talis</span> <span class='ocrx_word' id='word_1_182' title='bbox 217 1892 438 1948; x_wconf 85' lang='lat' dir='ltr'>Amyclaei</span> <span class='ocrx_word' id='word_1_183' title='bbox 461 1893 641 1935; x_wconf 88' lang='lat' dir='ltr'>domitus</span> <span class='ocrx_word' id='word_1_184' title='bbox 664 1893 850 1935; x_wconf 89' lang='lat' dir='ltr'>Pollucis</span> <span class='ocrx_word' id='word_1_185' title='bbox 874 1893 1048 1935; x_wconf 85' lang='lat' dir='ltr'>habenis</span> 
     </span>
     <span class='ocr_line' id='line_1_27' title="bbox 102 1954 1535 2011; baseline 0.001 -14"><span class='ocrx_word' id='word_1_186' title='bbox 102 1955 294 2011; x_wconf 84' lang='lat' dir='ltr'>Cyllarus</span> <span class='ocrx_word' id='word_1_187' title='bbox 318 1961 376 2005; x_wconf 88' lang='lat' dir='ltr'>et,</span> <span class='ocrx_word' id='word_1_188' title='bbox 402 1969 578 2008; x_wconf 88' lang='lat' dir='ltr'>quorum</span> <span class='ocrx_word' id='word_1_189' title='bbox 603 1954 706 1998; x_wconf 88' lang='lat' dir='ltr'>Grai</span> <span class='ocrx_word' id='word_1_190' title='bbox 729 1956 953 1998; x_wconf 89' lang='lat' dir='ltr'>meminere</span> <span class='ocrx_word' id='word_1_191' title='bbox 975 1962 1138 2011; x_wconf 88' lang='lat' dir='ltr'>poetae,</span> <span class='ocrx_word' id='word_1_192' title='bbox 1492 1968 1535 1999; x_wconf 82' lang='lat'>90</span> 
     </span>
     <span class='ocr_line' id='line_1_28' title="bbox 99 2015 1149 2074; baseline 0.002 -17"><span class='ocrx_word' id='word_1_193' title='bbox 99 2016 248 2058; x_wconf 88' lang='lat' dir='ltr'>Martis</span> <span class='ocrx_word' id='word_1_194' title='bbox 274 2016 370 2071; x_wconf 89' lang='lat' dir='ltr'>equi</span> <span class='ocrx_word' id='word_1_195' title='bbox 392 2015 556 2073; x_wconf 87' lang='lat' dir='ltr'>biiuges</span> <span class='ocrx_word' id='word_1_196' title='bbox 581 2023 622 2059; x_wconf 90' lang='lat' dir='ltr'>et</span> <span class='ocrx_word' id='word_1_197' title='bbox 644 2017 787 2074; x_wconf 83' lang='lat' dir='ltr'>magni</span> <span class='ocrx_word' id='word_1_198' title='bbox 810 2032 954 2060; x_wconf 85' lang='lat' dir='ltr'>currus</span> <span class='ocrx_word' id='word_1_199' title='bbox 978 2017 1149 2059; x_wconf 88' lang='lat' dir='ltr'>Achilli.</span> 
     </span>
     <span class='ocr_line' id='line_1_29' title="bbox 100 2079 1094 2136; baseline 0.001 -14"><span class='ocrx_word' id='word_1_200' title='bbox 100 2079 192 2122; x_wconf 88' lang='lat' dir='ltr'>talis</span> <span class='ocrx_word' id='word_1_201' title='bbox 218 2085 258 2121; x_wconf 84' lang='lat' dir='ltr'>ct</span> <span class='ocrx_word' id='word_1_202' title='bbox 280 2079 370 2135; x_wconf 84' lang='lat' dir='ltr'>ipse</span> <span class='ocrx_word' id='word_1_203' title='bbox 392 2079 535 2122; x_wconf 89' lang='lat' dir='ltr'>iubam</span> <span class='ocrx_word' id='word_1_204' title='bbox 558 2081 718 2123; x_wconf 85' lang='lat' dir='ltr'>cervice</span> <span class='ocrx_word' id='word_1_205' title='bbox 742 2081 918 2123; x_wconf 87' lang='lat' dir='ltr'>effimdit</span> <span class='ocrx_word' id='word_1_206' title='bbox 942 2082 1094 2136; x_wconf 90' lang='lat' dir='ltr'>equina</span> 
     </span>
     <span class='ocr_line' id='line_1_30' title="bbox 101 2141 1118 2198; baseline 0.002 -14"><span class='ocrx_word' id='word_1_207' title='bbox 101 2141 290 2198; x_wconf 81' lang='lat' dir='ltr'>coniugis</span> <span class='ocrx_word' id='word_1_208' title='bbox 315 2142 495 2184; x_wconf 88' lang='lat' dir='ltr'>adventu</span> <span class='ocrx_word' id='word_1_209' title='bbox 517 2143 666 2198; x_wconf 85' lang='lat' dir='ltr'>pernix</span> <span class='ocrx_word' id='word_1_210' title='bbox 691 2141 898 2186; x_wconf 87' lang='lat' dir='ltr'>Saturnus</span> <span class='ocrx_word' id='word_1_211' title='bbox 923 2150 964 2186; x_wconf 89' lang='lat' dir='ltr'>et</span> <span class='ocrx_word' id='word_1_212' title='bbox 987 2144 1118 2186; x_wconf 88' lang='lat' dir='ltr'>altum</span> 
     </span>
     <span class='ocr_line' id='line_1_31' title="bbox 100 2203 976 2261; baseline 0.002 -15"><span class='ocrx_word' id='word_1_213' title='bbox 100 2203 247 2246; x_wconf 87' lang='lat' dir='ltr'>Pelion</span> <span class='ocrx_word' id='word_1_214' title='bbox 269 2204 431 2246; x_wconf 85' lang='lat' dir='ltr'>hinnitu</span> <span class='ocrx_word' id='word_1_215' title='bbox 454 2204 621 2260; x_wconf 73' lang='lat' dir='ltr'>fugiens</span> <span class='ocrx_word' id='word_1_216' title='bbox 644 2205 818 2261; x_wconf 83' lang='lat' dir='ltr'>inplevit</span> <span class='ocrx_word' id='word_1_217' title='bbox 840 2212 976 2248; x_wconf 87' lang='lat' dir='ltr'>acuto.</span> 
     </span>
    </p>

    <p class='ocr_par' dir='ltr' id='par_1_9' title="bbox 101 2265 1556 2820">
     <span class='ocr_line' id='line_1_32' title="bbox 155 2265 1533 2324; baseline 0.003 -18"><span class='ocrx_word' id='word_1_218' title='bbox 155 2265 284 2307; x_wconf 89' lang='lat' dir='ltr'>Hunc</span> <span class='ocrx_word' id='word_1_219' title='bbox 297 2280 474 2320; x_wconf 91' lang='lat' dir='ltr'>quoque,</span> <span class='ocrx_word' id='word_1_220' title='bbox 492 2266 566 2308; x_wconf 93' lang='lat' dir='ltr'>ubi</span> <span class='ocrx_word' id='word_1_221' title='bbox 577 2272 649 2308; x_wconf 86' lang='lat' dir='ltr'>aut</span> <span class='ocrx_word' id='word_1_222' title='bbox 666 2266 811 2309; x_wconf 89' lang='lat' dir='ltr'>morbo</span> <span class='ocrx_word' id='word_1_223' title='bbox 823 2267 963 2323; x_wconf 87' lang='lat' dir='ltr'>gravis</span> <span class='ocrx_word' id='word_1_224' title='bbox 982 2274 1054 2310; x_wconf 89' lang='lat' dir='ltr'>aut</span> <span class='ocrx_word' id='word_1_225' title='bbox 1065 2268 1148 2310; x_wconf 91' lang='lat' dir='ltr'>iam</span> <span class='ocrx_word' id='word_1_226' title='bbox 1161 2269 1328 2324; x_wconf 83' lang='lat' dir='ltr'>segnior</span> <span class='ocrx_word' id='word_1_227' title='bbox 1346 2268 1464 2309; x_wconf 83' lang='lat' dir='ltr'>annis</span> <span class='ocrx_word' id='word_1_228' title='bbox 1491 2279 1533 2310; x_wconf 86' lang='lat'>95</span> 
     </span>
     <span class='ocr_line' id='line_1_33' title="bbox 101 2327 1523 2386; baseline 0.004 -18"><span class='ocrx_word' id='word_1_229' title='bbox 101 2327 259 2377; x_wconf 87' lang='lat' dir='ltr'>deficit,</span> <span class='ocrx_word' id='word_1_230' title='bbox 285 2327 390 2369; x_wconf 88' lang='lat' dir='ltr'>abde</span> <span class='ocrx_word' id='word_1_231' title='bbox 416 2328 558 2379; x_wconf 91' lang='lat' dir='ltr'>domo,</span> <span class='ocrx_word' id='word_1_232' title='bbox 583 2343 662 2371; x_wconf 86' lang='lat' dir='ltr'>nee</span> <span class='ocrx_word' id='word_1_233' title='bbox 685 2329 796 2385; x_wconf 88' lang='lat' dir='ltr'>turpi</span> <span class='ocrx_word' id='word_1_234' title='bbox 818 2329 990 2386; x_wconf 86' lang='lat' dir='ltr'>ignosce</span> <span class='ocrx_word' id='word_1_235' title='bbox 1015 2335 1220 2372; x_wconf 83' lang='lat' dir='ltr'>senectae.</span> <span class='ocrx_word' id='word_1_236' title='bbox 1518 2343 1523 2348; x_wconf 84' lang='lat'><em>·</em></span> 
     </span>
     <span class='ocr_line' id='line_1_34' title="bbox 102 2388 1223 2446; baseline 0.004 -17"><span class='ocrx_word' id='word_1_237' title='bbox 102 2389 277 2446; x_wconf 85' lang='lat' dir='ltr'>frigidus</span> <span class='ocrx_word' id='word_1_238' title='bbox 301 2389 345 2429; x_wconf 94' lang='lat' dir='ltr'>in</span> <span class='ocrx_word' id='word_1_239' title='bbox 367 2388 574 2430; x_wconf 88' lang='lat' dir='ltr'>Venerem</span> <span class='ocrx_word' id='word_1_240' title='bbox 599 2390 754 2441; x_wconf 86' lang='lat' dir='ltr'>senior,</span> <span class='ocrx_word' id='word_1_241' title='bbox 778 2390 1014 2445; x_wconf 85' lang='lat' dir='ltr'>frustraque</span> <span class='ocrx_word' id='word_1_242' title='bbox 1037 2391 1223 2434; x_wconf 87' lang='lat' dir='ltr'>laborem</span> 
     </span>
     <span class='ocr_line' id='line_1_35' title="bbox 102 2450 1356 2508; baseline 0.002 -16"><span class='ocrx_word' id='word_1_243' title='bbox 102 2452 309 2508; x_wconf 83' lang='lat' dir='ltr'>ingratum</span> <span class='ocrx_word' id='word_1_244' title='bbox 332 2450 472 2492; x_wconf 82' lang='lat' dir='ltr'>trahit:</span> <span class='ocrx_word' id='word_1_245' title='bbox 498 2457 557 2501; x_wconf 86' lang='lat' dir='ltr'>et,</span> <span class='ocrx_word' id='word_1_246' title='bbox 583 2452 619 2492; x_wconf 93' lang='lat' dir='ltr'>si</span> <span class='ocrx_word' id='word_1_247' title='bbox 642 2452 809 2506; x_wconf 87' lang='lat' dir='ltr'>quando</span> <span class='ocrx_word' id='word_1_248' title='bbox 832 2453 887 2494; x_wconf 88' lang='lat' dir='ltr'>ad</span> <span class='ocrx_word' id='word_1_249' title='bbox 908 2453 1065 2508; x_wconf 87' lang='lat' dir='ltr'>proelia</span> <span class='ocrx_word' id='word_1_250' title='bbox 1087 2460 1258 2495; x_wconf 87' lang='lat' dir='ltr'>ventum</span> <span class='ocrx_word' id='word_1_251' title='bbox 1281 2461 1356 2504; x_wconf 89' lang='lat' dir='ltr'>est,</span> 
     </span>
     <span class='ocr_line' id='line_1_36' title="bbox 102 2513 1278 2571; baseline 0.003 -17"><span class='ocrx_word' id='word_1_252' title='bbox 102 2521 148 2554; x_wconf 88' lang='lat' dir='ltr'>ut</span> <span class='ocrx_word' id='word_1_253' title='bbox 171 2513 380 2568; x_wconf 84' lang='lat' dir='ltr'>quondam</span> <span class='ocrx_word' id='word_1_254' title='bbox 402 2513 447 2554; x_wconf 89' lang='lat' dir='ltr'>in</span> <span class='ocrx_word' id='word_1_255' title='bbox 470 2513 632 2569; x_wconf 86' lang='lat' dir='ltr'>stipulis</span> <span class='ocrx_word' id='word_1_256' title='bbox 656 2529 835 2570; x_wconf 88' lang='lat' dir='ltr'>magnus</span> <span class='ocrx_word' id='word_1_257' title='bbox 860 2514 949 2556; x_wconf 87' lang='lat' dir='ltr'>sine</span> <span class='ocrx_word' id='word_1_258' title='bbox 972 2514 1130 2557; x_wconf 87' lang='lat' dir='ltr'>viribus</span> <span class='ocrx_word' id='word_1_259' title='bbox 1154 2515 1278 2571; x_wconf 87' lang='lat' dir='ltr'>ignis,</span> 
     </span>
     <span class='ocr_line' id='line_1_37' title="bbox 102 2575 1556 2632; baseline 0.003 -16"><span class='ocrx_word' id='word_1_260' title='bbox 102 2575 312 2617; x_wconf 87' lang='lat' dir='ltr'>incassum</span> <span class='ocrx_word' id='word_1_261' title='bbox 335 2575 447 2617; x_wconf 83' lang='lat' dir='ltr'>furit.</span> <span class='ocrx_word' id='word_1_262' title='bbox 473 2590 572 2632; x_wconf 88' lang='lat' dir='ltr'>ergo</span> <span class='ocrx_word' id='word_1_263' title='bbox 597 2576 756 2618; x_wconf 86' lang='lat' dir='ltr'>animos</span> <span class='ocrx_word' id='word_1_264' title='bbox 780 2591 1010 2631; x_wconf 85' lang='lat' dir='ltr'>aevomque</span> <span class='ocrx_word' id='word_1_265' title='bbox 1033 2577 1198 2619; x_wconf 91' lang='lat' dir='ltr'>notabis</span> <span class='ocrx_word' id='word_1_266' title='bbox 1491 2591 1556 2621; x_wconf 85' lang='lat'>100</span> 
     </span>
     <span class='ocr_line' id='line_1_38' title="bbox 103 2637 1231 2695; baseline 0.002 -16"><span class='ocrx_word' id='word_1_267' title='bbox 103 2637 341 2693; x_wconf 83' lang='lat' dir='ltr'>praecipue:</span> <span class='ocrx_word' id='word_1_268' title='bbox 365 2638 463 2680; x_wconf 86' lang='lat' dir='ltr'>hinc</span> <span class='ocrx_word' id='word_1_269' title='bbox 485 2638 588 2680; x_wconf 85' lang='lat' dir='ltr'>alias</span> <span class='ocrx_word' id='word_1_270' title='bbox 613 2638 711 2680; x_wconf 90' lang='lat' dir='ltr'>artis</span> <span class='ocrx_word' id='word_1_271' title='bbox 735 2638 976 2694; x_wconf 91' lang='lat' dir='ltr'>prolemque</span> <span class='ocrx_word' id='word_1_272' title='bbox 999 2645 1231 2695; x_wconf 86' lang='lat' dir='ltr'>parentum,</span> 
     </span>
     <span class='ocr_line' id='line_1_39' title="bbox 105 2699 1210 2757; baseline 0.005 -18"><span class='ocrx_word' id='word_1_273' title='bbox 105 2704 146 2739; x_wconf 91' lang='lat' dir='ltr'>et</span> <span class='ocrx_word' id='word_1_274' title='bbox 167 2699 260 2753; x_wconf 86' lang='lat' dir='ltr'>quis</span> <span class='ocrx_word' id='word_1_275' title='bbox 284 2700 433 2754; x_wconf 90' lang='lat' dir='ltr'>cuique</span> <span class='ocrx_word' id='word_1_276' title='bbox 457 2700 574 2743; x_wconf 88' lang='lat' dir='ltr'>dolor</span> <span class='ocrx_word' id='word_1_277' title='bbox 596 2700 725 2750; x_wconf 88' lang='lat' dir='ltr'>victo,</span> <span class='ocrx_word' id='word_1_278' title='bbox 749 2715 856 2755; x_wconf 88' lang='lat' dir='ltr'>quae</span> <span class='ocrx_word' id='word_1_279' title='bbox 879 2701 1012 2757; x_wconf 88' lang='lat' dir='ltr'>gloria</span> <span class='ocrx_word' id='word_1_280' title='bbox 1035 2702 1210 2757; x_wconf 85' lang='lat' dir='ltr'>palmae.</span> 
     </span>
     <span class='ocr_line' id='line_1_40' title="bbox 105 2762 1222 2820; baseline 0.004 -19"><span class='ocrx_word' id='word_1_281' title='bbox 105 2774 240 2803; x_wconf 90' lang='lat' dir='ltr'>nonne</span> <span class='ocrx_word' id='word_1_282' title='bbox 263 2762 400 2814; x_wconf 88' lang='lat' dir='ltr'>vides,</span> <span class='ocrx_word' id='word_1_283' title='bbox 425 2777 521 2805; x_wconf 90' lang='lat' dir='ltr'>cum</span> <span class='ocrx_word' id='word_1_284' title='bbox 543 2763 759 2819; x_wconf 87' lang='lat' dir='ltr'>praecipiti</span> <span class='ocrx_word' id='word_1_285' title='bbox 782 2763 1004 2806; x_wconf 87' lang='lat' dir='ltr'>certamine</span> <span class='ocrx_word' id='word_1_286' title='bbox 1029 2779 1222 2820; x_wconf 86' lang='lat' dir='ltr'>campum</span> 
     </span>
    </p>
   </div>
  </div>
 </body>
</html>
