1800 3106
571 297 636 334 ΑΕ
642 297 828 334 NEIDOS
852 298 951 334 LIB.
964 298 1070 335 VIII.

139 420 262 461 gens,
287 403 396 446 bello
420 403 650 459 praeclara,
675 403 786 460 iugis
810 402 962 444 insedit
983 401 1189 445 Etruscis.

139 467 246 508 hanc
269 465 420 507 multos
445 465 658 506 florentem
683 468 813 507 annos
837 479 912 506 rex
934 464 1084 506 deinde
1109 464 1288 520 superbo

139 528 310 584 imperio
335 534 377 569 et
401 527 536 568 saevis
562 526 693 568 tenuit
715 526 952 569 Mezentius
977 526 1116 568 armis.

138 590 240 644 quid
263 604 488 631 memorem
511 588 704 631 infandas
729 589 897 639 caedes,
922 589 1024 643 quid
1046 588 1158 631 facta
1181 589 1344 645 tyranni

139 651 291 693 effera?
314 651 356 692 di
380 650 505 706 capiti
527 650 660 706 ipsius
684 651 910 707 generique
932 650 1162 693 reserventl

139 720 301 755 mortua
323 714 425 768 quin
448 713 571 754 etiam
595 712 795 769 iungebat
817 727 990 769 corpora
1012 713 1134 764 vivis,

139 790 377 831 conponens
402 773 676 828 manibusque
700 789 849 816 manus
873 781 998 829 atque
1023 774 1165 817 oribus
1190 790 1275 826 ora,

138 837 331 879 tormenti
353 850 506 893 genus,
531 841 572 877 et
596 835 711 877 sanie
735 835 915 890 taboque
937 836 1114 878 fluentes

139 898 346 955 conplexu
368 898 412 939 in
435 898 587 939 misero
610 897 738 954 longa¹
761 898 822 939 sic
844 904 977 940 morte
999 898 1189 941 necabat.

139 968 179 1003 at
205 960 307 1002 fessi
330 960 497 1002 tandem
521 959 634 1001 cives
657 959 829 1002 infanda
851 959 1059 1002 furentem

138 1022 285 1065 armati
309 1021 618 1063 circumsistunt
639 1022 860 1077 ipsumque
884 1022 1149 1077 domumque,

138 1085 386 1126 obtruncant
409 1083 563 1134 socios,
587 1084 730 1140 ignem
753 1084 808 1126 ad
830 1084 1001 1140 fastigia
1022 1084 1188 1126 iactant.

138 1147 207 1188 ille
230 1146 337 1187 inter
359 1146 529 1187 caedem
552 1145 803 1188 Rutulorum
826 1146 993 1203 elapsus
1016 1147 1061 1188 in
1083 1163 1207 1203 agros

140 1208 363 1264 confugere
387 1214 429 1249 et
452 1208 582 1249 Turni
608 1208 821 1250 defendier
842 1208 1019 1264 hospitis
1044 1210 1183 1251 armis.

139 1285 238 1326 ergo
261 1270 394 1312 omnis
419 1270 538 1312 furiis
563 1271 742 1312 surrexit
762 1270 932 1312 Etruria
954 1271 1095 1321 iustis3

138 1346 280 1387 regem
303 1331 358 1373 ad
381 1331 629 1386 supplicium
651 1333 859 1387 praesenti
882 1332 1021 1374 Marte
1043 1339 1279 1388 reposcunt.

138 1393 204 1435 his
229 1407 308 1449 ego
332 1398 391 1443 te,
416 1393 582 1444 Aenea,
607 1393 820 1436 ductorem
843 1394 1011 1436 milibus
1036 1395 1200 1436 addam.

139 1461 225 1498 toto
247 1448 426 1510 namque
450 1454 634 1497 fremunt
656 1456 889 1498 condensae
912 1456 1030 1498 litore
1053 1471 1229 1512 puppes,

141 1518 340 1573 signaque
364 1516 472 1558 serre
494 1516 657 1568 iubent3
681 1517 830 1559 retinet
852 1518 1083 1574 longaevus
1106 1518 1316 1574 haruspex

139 1579 227 1621 fata
249 1593 423 1621 canens:
447 1594 487 1630 ,o
510 1578 732 1621 Maeoniae
756 1579 918 1622 delecta
940 1580 1150 1631 iuventus,

138 1640 215 1682 flos
239 1646 426 1682 veterum
448 1641 662 1695 virtusque
686 1641 840 1692 virum,
865 1656 971 1696 quos
994 1642 1129 1684 iustus
1154 1643 1197 1684 in
1219 1642 1383 1684 hostem

139 1702 220 1743 fert
242 1702 359 1744 dolor
381 1708 424 1744 et
446 1703 592 1744 merita
614 1704 803 1745 accendit
824 1703 1063 1745 Mezentius
1087 1705 1161 1754 ira,

138 1764 240 1805 nulli
263 1764 328 1806 sas
354 1764 460 1806 Italo
483 1770 641 1806 tantam
666 1765 917 1822 subiungere
939 1773 1126 1822 gentem:

140 1833 332 1868 externos
356 1832 495 1882 optate
518 1827 676 1869 duces.‘
699 1834 788 1869 tum
811 1828 993 1870 Etrusca
1015 1829 1168 1871 resedit

139 1889 219 1930 hoe
242 1888 353 1930 acies
377 1903 542 1944 campo,
568 1890 735 1931 monitis
760 1891 955 1932 exterrita
978 1891 1131 1932 divom.

138 1951 228 2005 ipse
253 1956 434 1992 oratores
458 1951 511 1992 ad
534 1966 601 1992 me
624 1952 824 2008 regnique
849 1967 1042 1995 coronam

139 2026 234 2053 cum
258 2017 419 2067 sceptro
442 2012 555 2054 misit
577 2014 827 2068 mandatque
850 2014 1032 2070 insignia
1055 2015 1261 2066 Tarchon,

137 2073 358 2115 succedam
381 2074 544 2125 castris,
570 2075 867 2131 Tyrrhenaque
890 2091 1020 2133 regna
1043 2091 1271 2133 capessam.

138 2135 212 2176 sed
234 2135 336 2176 mihi
359 2136 477 2177 tarda
498 2136 598 2193 gelu
621 2137 850 2192 saeclisque
875 2139 1000 2180 effeta
1025 2144 1216 2181 senectus

137 2196 293 2237 invidet
315 2196 533 2252 imperium
558 2213 756 2253 seraeque
780 2200 835 2240 ad
858 2200 981 2242 fortia
1003 2201 1126 2242 vires.

137 2264 281 2298 natum
304 2257 558 2308 exhortarer,
582 2259 627 2300 ni
649 2260 804 2302 mixtus
828 2268 958 2302 matre
985 2261 1155 2303 Sabella

138 2318 234 2360 hinc
255 2324 414 2373 partem
439 2320 595 2373 patriae
618 2321 808 2363 traheret.
834 2328 897 2372 tu,
923 2323 1042 2364 cuius
1067 2329 1108 2364 et
1131 2323 1249 2364 annis

139 2387 180 2422 et
202 2380 345 2436 generi
370 2380 456 2421 fata
478 2381 712 2437 indulgent,
737 2397 863 2436 quem
887 2384 1057 2424 numina
1079 2390 1269 2439 poscunt,

139 2442 371 2498 ingredere,
398 2456 422 2483 o
447 2442 655 2484 Teucrum
679 2449 803 2498 atque
826 2444 979 2485 Italmn
1004 2444 1228 2486 fortissime
1252 2445 1411 2487 ductor.

138 2505 249 2546 hunc
272 2503 347 2546 tibi
369 2511 598 2559 praeterea,
625 2519 720 2560 spes
746 2512 787 2547 et
811 2505 958 2547 solatia
981 2507 1122 2555 nostri,

138 2565 331 2607 Pallanta
354 2565 576 2622 adiungam
584 2582 596 2617 ;
621 2566 699 2608 sub
724 2573 764 2608 te
788 2567 962 2608 tolerare
985 2567 1185 2623 magistro

139 2628 324 2669 militiam
350 2633 391 2669 et
413 2642 540 2684 grave
563 2628 713 2670 Martis
739 2644 863 2684 opus,
889 2634 960 2670 tua
983 2643 1149 2670 cernere
1174 2629 1284 2671 facta

140 2690 376 2739 adsuescat,
401 2690 544 2745 primis
570 2696 612 2732 et
634 2696 674 2732 te
698 2691 868 2732 miretur
890 2690 943 2732 ab
967 2691 1098 2732 annis.

141 2751 329 2794 Arcadas
352 2752 449 2793 huic
473 2752 630 2806 equites
654 2752 719 2794 bis
744 2758 928 2802 centum,
952 2752 1102 2794 robora
1123 2752 1246 2809 pubis

1419 289 1501 332 247

1528 416 1595 447 480

1528 728 1596 760 485

1530 1039 1598 1069 490

1528 1349 1595 1379 495

1529 1657 1594 1687 500

1528 1968 1594 1998 505

1525 2275 1591 2306 510

1522 2581 1589 2612 515
