1820 3054
327 463 391 494 345

326 762 391 793 350

327 1065 391 1095 355

329 1368 393 1399 360

330 1669 393 1699 365

331 1967 394 1999 370

332 2269 396 2300 375

415 280 496 322 358
814 286 856 319 P.
875 282 1106 319 VERGILH
1123 279 1347 318 MARONIS

415 390 532 445 signa
555 387 677 428 dabat
683 401 695 435 ;
719 399 813 439 pars
838 383 997 424 inflexis
1023 396 1145 437 super
1167 387 1258 423 acta
1281 381 1447 423 carinis:

415 463 525 497 cum,
552 461 624 488 seu
648 444 814 486 caelesti
836 444 922 485 fato
947 457 1020 484 seu
1043 442 1187 484 sideris
1212 447 1314 492 ortu,

413 508 590 560 undique
613 510 795 546 mutatur
817 503 919 546 caeli
940 504 1065 553 nitor,
1089 502 1226 544 omnia
1247 502 1392 552 ventis,

413 567 549 610 omnia
572 565 800 607 turbinibus
824 570 919 606 sunt
942 563 1074 605 anxia.
1098 563 1181 605 iam
1203 563 1327 604 maris
1351 563 1462 604 unda

414 626 613 669 sideribus
638 631 764 668 certat
787 639 1049 680 consurgere,
1073 624 1236 678 iamque
1260 638 1434 678 superne

414 687 612 742 corripere
636 691 677 728 et
701 686 798 727 solis
823 692 862 727 et
886 686 1020 728 sidera
1042 691 1188 726 cuncta
1211 683 1427 734 minantur,

414 763 462 791 ac
483 763 599 790 ruere
622 748 666 789 in
689 753 815 789 terras
840 747 942 789 caeli
963 747 1114 802 fragor.
1137 745 1205 787 hie
1226 745 1350 787 modo
1371 745 1479 787 laeta

415 810 532 865 copia
554 823 663 850 nunc
685 809 844 851 miseris
869 809 1142 850 circumdatur
1164 807 1285 848 anxia
1306 807 1416 857 fatis,

413 870 705 924 inmoriturque
729 884 852 924 super
873 869 1020 911 fluctus
1045 875 1086 910 et
1109 883 1209 910 saxa
1234 867 1452 922 Capherei,

413 930 622 973 Euboicas
646 936 717 972 aut
738 945 812 985 per
835 936 973 972 cautes
995 928 1248 985 Aegaeaque
1270 928 1351 970 late

413 991 549 1041 litora,
575 1005 669 1033 cum
690 990 896 1047 Phrygiae
919 991 1075 1045 passim
1096 1005 1204 1044 vaga
1225 989 1377 1044 praeda
1398 993 1634 1043 peremptae

414 1052 583 1093 fluctuat
606 1052 737 1093 omnis
760 1052 804 1092 in
827 1065 1026 1105 aequoreo
1048 1051 1262 1105 navifraga
1285 1054 1427 1091 tractu.

413 1113 482 1154 hic
504 1113 573 1154 alii
597 1113 733 1153 sidunt
754 1112 903 1167 pariles
926 1111 1086 1153 virtutis
1109 1111 1263 1152 honore

414 1173 577 1222 heroes,
601 1172 826 1225 mediisque
851 1172 918 1214 siti
941 1178 1035 1213 sunt
1064 1171 1228 1213 sedibus
1253 1184 1407 1220 omnes,

415 1247 556 1275 omnes
580 1233 714 1274 Roma
736 1233 861 1274 decus
884 1232 1023 1288 magni
1046 1246 1149 1285 quos
1174 1231 1345 1285 suscipit
1368 1229 1489 1271 orbis.

414 1294 483 1335 hic
503 1293 623 1335 Fabii
645 1293 866 1347 Deciique,
889 1293 957 1334 hic
980 1298 1043 1334 est
1064 1292 1238 1333 Horatia
1260 1291 1402 1339 virtus,

415 1354 483 1395 hic
506 1359 547 1395 et
568 1353 680 1395 fama
702 1359 819 1394 vetus
843 1367 1067 1406 numquam
1089 1352 1284 1393 moritura
1309 1350 1492 1400 Camilli,

418 1414 584 1456 Curtius
610 1419 667 1463 et,
690 1414 850 1455 medius
873 1427 996 1467 quem
1018 1413 1225 1467 quondam
1249 1411 1414 1452 sedibus
1437 1410 1552 1452 urbis

417 1474 610 1515 devotum
632 1472 750 1515 bellis
775 1473 1027 1528 consumpsit
1049 1487 1200 1528 gurges
1224 1471 1440 1520 inundans,

415 1533 583 1575 Mucius
608 1538 665 1583 et,
688 1533 868 1588 prudens
893 1534 1078 1574 ardorem
1101 1546 1267 1587 corpore
1290 1546 1451 1586 passus,

415 1594 596 1650 legitime
620 1593 743 1635 cessit
767 1593 832 1634 cui
854 1593 985 1635 fracta
1006 1593 1186 1648 potentia
1207 1592 1337 1647 regis;

416 1655 482 1696 hic
508 1654 657 1696 Curius
682 1654 814 1695 clarae
839 1654 974 1696 socius
997 1654 1156 1695 virtutis
1181 1659 1221 1694 et
1243 1653 1311 1694 ille

415 1715 660 1764 Flaminius,
685 1714 834 1756 devota
857 1715 968 1756 dedit
991 1714 1062 1768 qui
1086 1728 1254 1768 corpora
1276 1713 1464 1755 flammis.

416 1776 503 1817 iure
526 1776 650 1830 igitur
672 1775 765 1816 talis
789 1775 908 1816 sedes
930 1775 1092 1830 pietatis
1115 1775 1292 1815 honores

416 1836 509 1878 istic
535 1834 831 1890 Scipiadasque
854 1835 998 1885 duces,
1024 1835 1171 1876 devota
1194 1834 1408 1888 triumphis

418 1896 579 1937 moenia
601 1910 704 1949 quos
727 1895 891 1949 rapidos
914 1895 1100 1949 Libycae
1123 1895 1391 1949 Karthaginis
1414 1894 1591 1935 horrent.

418 1956 478 1996 illi
499 1955 620 1997 laude
644 1971 720 1997 sua
740 1956 925 2010 vigeant3
951 1969 1028 2010 ego
1051 1955 1163 1996 Ditis
1188 1969 1337 2009 opacos

419 2029 544 2071 cogor
566 2015 676 2056 adire
698 2015 831 2064 lacus,
856 2015 1002 2056 viduos
1026 2030 1050 2055 a
1072 2014 1225 2055 lumine
1247 2013 1419 2063 Phoebi,

419 2081 460 2117 et
482 2081 645 2117 vastum
665 2074 967 2131 Phlegethonta
988 2074 1091 2129 pati,
1115 2088 1197 2127 quo
1220 2074 1398 2116 maxima
1419 2072 1559 2114 Minos

420 2135 694 2178 conscelerata
714 2136 783 2190 pia
806 2135 998 2177 discernit
1019 2135 1160 2176 limina
1183 2134 1291 2186 sede.

420 2211 518 2252 ergo
541 2196 624 2237 iam
647 2209 836 2237 caussam
857 2196 1018 2245 mortis,
1043 2196 1124 2236 iam
1147 2195 1281 2236 dicere
1303 2194 1411 2236 vitae

419 2256 656 2299 verberibus
681 2270 827 2297 saevae
851 2261 1002 2311 cogunt
1027 2255 1102 2298 sub
1126 2255 1259 2296 iudice
1282 2254 1459 2304 Poenae,

421 2331 513 2358 cum
536 2315 637 2357 mihi
659 2321 703 2357 tu
727 2316 783 2358 sis
808 2330 955 2358 caussa
976 2315 1091 2365 mali,
1115 2329 1192 2357 nec
1215 2315 1401 2356 conscius
1426 2314 1548 2356 adsis.

422 2376 496 2419 sed
517 2376 795 2418 tolerabilibus
819 2377 926 2419 curis
949 2377 1051 2418 haec
1073 2376 1272 2418 inmemor
1294 2374 1408 2416 audii
1433 2399 1487 2405 -

420 2442 462 2478 et
483 2443 621 2479 tamen
643 2437 687 2478 in
708 2437 825 2479 vanis
849 2437 1028 2478 dimittes
1052 2436 1188 2478 omnia
1209 2436 1341 2477 ventis

420 2502 462 2539 et
483 2511 576 2539 mea
599 2497 771 2539 diffusas
793 2497 1005 2552 rapiuntur
1027 2497 1136 2538 dicta
1157 2510 1231 2550 per
1253 2510 1372 2537 auras
1396 2519 1451 2526 -

333 2567 399 2600 380
422 2557 627 2613 digredior
647 2571 872 2612 numquam
894 2557 1109 2598 rediturus.
1133 2561 1180 2598 tu
1202 2555 1288 2598 cole
1311 2555 1444 2596 fontes

421 2623 462 2658 et
482 2618 633 2660 virides
654 2632 868 2661 nemorum
891 2618 1015 2660 silvas
1039 2623 1080 2659 et
1101 2630 1255 2671 pascua
1276 2616 1448 2658 laetus.“

421 2677 523 2719 dixit
545 2684 586 2720 et
609 2683 789 2722 extrema
811 2677 936 2721 tristis
961 2691 1054 2721 cum
1077 2691 1178 2720 voce
1199 2675 1379 2719 recessit.
