<?xml version="1.0" encoding="UTF-8"?>
<!DOCTYPE html PUBLIC "-//W3C//DTD XHTML 1.0 Transitional//EN"
    "http://www.w3.org/TR/xhtml1/DTD/xhtml1-transitional.dtd">
<html xmlns="http://www.w3.org/1999/xhtml" xml:lang="en" lang="en">
 <head>
  <title>
</title>
<meta http-equiv="Content-Type" content="text/html;charset=utf-8" />
  <meta name='ocr-system' content='tesseract 3.04.00' />
  <meta name='ocr-capabilities' content='ocr_page ocr_carea ocr_par ocr_line ocrx_word'/>
</head>
<body>
  <div class='ocr_page' id='page_1' title='image "./operavirg00virguoft_0199.png"; bbox 0 0 1780 3074; ppageno 0'>
   <div class='ocr_carea' id='block_1_1' title="bbox 520 246 1413 304">
    <p class='ocr_par' dir='ltr' id='par_1_1' title="bbox 520 246 1413 304">
     <span class='ocr_line' id='line_1_1' title="bbox 520 246 1413 304; baseline -0.006 -12"><span class='ocrx_word' id='word_1_1' title='bbox 520 254 776 292; x_wconf 74' lang='lat' dir='ltr'>AENEmos</span> <span class='ocrx_word' id='word_1_2' title='bbox 796 254 893 290; x_wconf 75' lang='lat' dir='ltr'>Lm.</span> <span class='ocrx_word' id='word_1_3' title='bbox 912 255 960 291; x_wconf 88' lang='lat' dir='ltr'>v.</span> <span class='ocrx_word' id='word_1_4' title='bbox 1253 302 1256 304; x_wconf 73' lang='lat'>.</span> <span class='ocrx_word' id='word_1_5' title='bbox 1334 246 1413 287; x_wconf 82' lang='lat'>167</span> 
     </span>
    </p>
   </div>
   <div class='ocr_carea' id='block_1_2' title="bbox 60 357 1508 1153">
    <p class='ocr_par' dir='ltr' id='par_1_2' title="bbox 60 357 1508 1153">
     <span class='ocr_line' id='line_1_2' title="bbox 120 357 1257 414; baseline -0.004 -11"><span class='ocrx_word' id='word_1_6' title='bbox 120 361 229 403; x_wconf 89' lang='lat' dir='ltr'>Tum</span> <span class='ocrx_word' id='word_1_7' title='bbox 253 361 357 402; x_wconf 94' lang='lat' dir='ltr'>Iuno</span> <span class='ocrx_word' id='word_1_8' title='bbox 382 360 639 414; x_wconf 89' lang='lat' dir='ltr'>omnipotens</span> <span class='ocrx_word' id='word_1_9' title='bbox 663 359 834 414; x_wconf 85' lang='lat' dir='ltr'>longum</span> <span class='ocrx_word' id='word_1_10' title='bbox 859 357 1052 402; x_wconf 81' lang='lat' dir='ltr'>miserata</span> <span class='ocrx_word' id='word_1_11' title='bbox 1075 357 1257 400; x_wconf 89' lang='lat' dir='ltr'>dolorem</span> 
     </span>
     <span class='ocr_line' id='line_1_3' title="bbox 63 418 1021 476; baseline -0.003 -12"><span class='ocrx_word' id='word_1_12' title='bbox 63 423 324 476; x_wconf 85' lang='lat' dir='ltr'>difficilisque</span> <span class='ocrx_word' id='word_1_13' title='bbox 348 421 485 463; x_wconf 90' lang='lat' dir='ltr'>obitus</span> <span class='ocrx_word' id='word_1_14' title='bbox 510 420 610 462; x_wconf 86' lang='lat' dir='ltr'>Irim</span> <span class='ocrx_word' id='word_1_15' title='bbox 635 420 799 462; x_wconf 83' lang='lat' dir='ltr'><strong>demisit</strong></span> <span class='ocrx_word' id='word_1_16' title='bbox 824 418 1021 475; x_wconf 89' lang='lat' dir='ltr'>Olympo,</span> 
     </span>
     <span class='ocr_line' id='line_1_4' title="bbox 62 481 1507 539; baseline -0.002 -14"><span class='ocrx_word' id='word_1_17' title='bbox 62 498 167 539; x_wconf 90' lang='lat' dir='ltr'>quae</span> <span class='ocrx_word' id='word_1_18' title='bbox 191 484 414 525; x_wconf 90' lang='lat' dir='ltr'>luctantem</span> <span class='ocrx_word' id='word_1_19' title='bbox 438 483 617 524; x_wconf 86' lang='lat' dir='ltr'>animam</span> <span class='ocrx_word' id='word_1_20' title='bbox 641 496 853 536; x_wconf 82' lang='lat' dir='ltr'>nexosque</span> <span class='ocrx_word' id='word_1_21' title='bbox 875 481 1098 523; x_wconf 81' lang='lat' dir='ltr'>resolveret</span> <span class='ocrx_word' id='word_1_22' title='bbox 1122 487 1247 523; x_wconf 88' lang='lat' dir='ltr'>artus.</span> <span class='ocrx_word' id='word_1_23' title='bbox 1443 496 1507 526; x_wconf 82' lang='lat'>695</span> 
     </span>
     <span class='ocr_line' id='line_1_5' title="bbox 62 543 1122 600; baseline -0.003 -13"><span class='ocrx_word' id='word_1_24' title='bbox 62 561 157 587; x_wconf 91' lang='lat' dir='ltr'>nam</span> <span class='ocrx_word' id='word_1_25' title='bbox 181 545 277 600; x_wconf 87' lang='lat' dir='ltr'>quia</span> <span class='ocrx_word' id='word_1_26' title='bbox 300 559 377 586; x_wconf 88' lang='lat' dir='ltr'>nec</span> <span class='ocrx_word' id='word_1_27' title='bbox 400 545 505 594; x_wconf 82' lang='lat' dir='ltr'>fato,</span> <span class='ocrx_word' id='word_1_28' title='bbox 530 544 676 585; x_wconf 85' lang='lat' dir='ltr'>merita</span> <span class='ocrx_word' id='word_1_29' title='bbox 697 558 774 586; x_wconf 90' lang='lat' dir='ltr'>nec</span> <span class='ocrx_word' id='word_1_30' title='bbox 797 550 927 585; x_wconf 88' lang='lat' dir='ltr'>morte</span> <span class='ocrx_word' id='word_1_31' title='bbox 950 543 1122 599; x_wconf 86' lang='lat' dir='ltr'>peribat,</span> 
     </span>
     <span class='ocr_line' id='line_1_6' title="bbox 63 605 1171 660; baseline -0.002 -12"><span class='ocrx_word' id='word_1_32' title='bbox 63 607 136 648; x_wconf 88' lang='lat' dir='ltr'>sed</span> <span class='ocrx_word' id='word_1_33' title='bbox 159 607 308 649; x_wconf 86' lang='lat' dir='ltr'>misera</span> <span class='ocrx_word' id='word_1_34' title='bbox 331 613 426 648; x_wconf 88' lang='lat' dir='ltr'>ante</span> <span class='ocrx_word' id='word_1_35' title='bbox 450 607 559 648; x_wconf 88' lang='lat' dir='ltr'>diem</span> <span class='ocrx_word' id='word_1_36' title='bbox 584 605 800 660; x_wconf 90' lang='lat' dir='ltr'>subitoque</span> <span class='ocrx_word' id='word_1_37' title='bbox 823 620 998 647; x_wconf 88' lang='lat' dir='ltr'>accensa</span> <span class='ocrx_word' id='word_1_38' title='bbox 1021 605 1171 654; x_wconf 87' lang='lat' dir='ltr'>furore,</span> 
     </span>
     <span class='ocr_line' id='line_1_7' title="bbox 63 667 1128 722; baseline -0.002 -13"><span class='ocrx_word' id='word_1_39' title='bbox 63 669 245 710; x_wconf 89' lang='lat' dir='ltr'>nondum</span> <span class='ocrx_word' id='word_1_40' title='bbox 268 669 327 710; x_wconf 89' lang='lat' dir='ltr'>illi</span> <span class='ocrx_word' id='word_1_41' title='bbox 350 669 503 710; x_wconf 82' lang='lat' dir='ltr'>flavum</span> <span class='ocrx_word' id='word_1_42' title='bbox 526 667 776 722; x_wconf 86' lang='lat' dir='ltr'>Proserpina</span> <span class='ocrx_word' id='word_1_43' title='bbox 799 667 952 708; x_wconf 87' lang='lat' dir='ltr'>vertice</span> <span class='ocrx_word' id='word_1_44' title='bbox 976 667 1128 708; x_wconf 86' lang='lat' dir='ltr'>crinem</span> 
     </span>
     <span class='ocr_line' id='line_1_8' title="bbox 62 727 1131 785; baseline -0.001 -14"><span class='ocrx_word' id='word_1_45' title='bbox 62 729 287 771; x_wconf 85' lang='lat' dir='ltr'>abstulerat</span> <span class='ocrx_word' id='word_1_46' title='bbox 312 728 542 785; x_wconf 84' lang='lat' dir='ltr'>Stygioque</span> <span class='ocrx_word' id='word_1_47' title='bbox 567 737 691 784; x_wconf 88' lang='lat' dir='ltr'>caput</span> <span class='ocrx_word' id='word_1_48' title='bbox 714 729 980 769; x_wconf 88' lang='lat' dir='ltr'>damnaverat</span> <span class='ocrx_word' id='word_1_49' title='bbox 1005 727 1131 770; x_wconf 90' lang='lat' dir='ltr'>Orco.</span> 
     </span>
     <span class='ocr_line' id='line_1_9' title="bbox 63 790 1508 846; baseline 0.001 -14"><span class='ocrx_word' id='word_1_50' title='bbox 63 806 162 846; x_wconf 87' lang='lat' dir='ltr'>crgo</span> <span class='ocrx_word' id='word_1_51' title='bbox 186 791 264 833; x_wconf 85' lang='lat' dir='ltr'>Iris</span> <span class='ocrx_word' id='word_1_52' title='bbox 290 792 444 833; x_wconf 90' lang='lat' dir='ltr'>croceis</span> <span class='ocrx_word' id='word_1_53' title='bbox 467 805 543 846; x_wconf 87' lang='lat' dir='ltr'>per</span> <span class='ocrx_word' id='word_1_54' title='bbox 565 790 725 832; x_wconf 91' lang='lat' dir='ltr'>caelum</span> <span class='ocrx_word' id='word_1_55' title='bbox 748 790 912 831; x_wconf 88' lang='lat' dir='ltr'>roscida</span> <span class='ocrx_word' id='word_1_56' title='bbox 932 790 1093 845; x_wconf 89' lang='lat' dir='ltr'>pennis,</span> <span class='ocrx_word' id='word_1_57' title='bbox 1445 804 1508 834; x_wconf 84' lang='lat'>700</span> 
     </span>
     <span class='ocr_line' id='line_1_10' title="bbox 61 850 1024 901; baseline -0.003 -7"><span class='ocrx_word' id='word_1_58' title='bbox 61 853 172 894; x_wconf 89' lang='lat' dir='ltr'>mille</span> <span class='ocrx_word' id='word_1_59' title='bbox 197 853 360 894; x_wconf 86' lang='lat' dir='ltr'>trahens</span> <span class='ocrx_word' id='word_1_60' title='bbox 385 853 519 894; x_wconf 85' lang='lat' dir='ltr'>varios</span> <span class='ocrx_word' id='word_1_61' title='bbox 544 852 718 893; x_wconf 87' lang='lat' dir='ltr'>adverso</span> <span class='ocrx_word' id='word_1_62' title='bbox 743 851 830 893; x_wconf 89' lang='lat' dir='ltr'>sole</span> <span class='ocrx_word' id='word_1_63' title='bbox 853 850 1024 901; x_wconf 87' lang='lat' dir='ltr'>colores,</span> 
     </span>
     <span class='ocr_line' id='line_1_11' title="bbox 61 912 1184 968; baseline -0.001 -13"><span class='ocrx_word' id='word_1_64' title='bbox 61 913 243 963; x_wconf 86' lang='lat' dir='ltr'>devolat,</span> <span class='ocrx_word' id='word_1_65' title='bbox 269 919 309 955; x_wconf 90' lang='lat' dir='ltr'>et</span> <span class='ocrx_word' id='word_1_66' title='bbox 333 929 457 968; x_wconf 88' lang='lat' dir='ltr'>supra</span> <span class='ocrx_word' id='word_1_67' title='bbox 480 919 604 968; x_wconf 87' lang='lat' dir='ltr'>caput</span> <span class='ocrx_word' id='word_1_68' title='bbox 627 912 802 954; x_wconf 84' lang='lat' dir='ltr'>adstitit:</span> <span class='ocrx_word' id='word_1_69' title='bbox 829 912 965 964; x_wconf 88' lang='lat' dir='ltr'>„hunc</span> <span class='ocrx_word' id='word_1_70' title='bbox 989 927 1068 968; x_wconf 87' lang='lat' dir='ltr'>ego</span> <span class='ocrx_word' id='word_1_71' title='bbox 1092 913 1184 954; x_wconf 85' lang='lat' dir='ltr'>Diti</span> 
     </span>
     <span class='ocr_line' id='line_1_12' title="bbox 63 975 1119 1029; baseline 0 -13"><span class='ocrx_word' id='word_1_72' title='bbox 63 990 224 1016; x_wconf 86' lang='lat' dir='ltr'>sacrum</span> <span class='ocrx_word' id='word_1_73' title='bbox 248 975 361 1016; x_wconf 90' lang='lat' dir='ltr'>iussa</span> <span class='ocrx_word' id='word_1_74' title='bbox 385 975 492 1025; x_wconf 85' lang='lat' dir='ltr'>fero,</span> <span class='ocrx_word' id='word_1_75' title='bbox 519 981 640 1029; x_wconf 89' lang='lat' dir='ltr'>teque</span> <span class='ocrx_word' id='word_1_76' title='bbox 663 975 744 1016; x_wconf 86' lang='lat' dir='ltr'>isto</span> <span class='ocrx_word' id='word_1_77' title='bbox 768 989 938 1029; x_wconf 88' lang='lat' dir='ltr'>corpore</span> <span class='ocrx_word' id='word_1_78' title='bbox 963 975 1119 1016; x_wconf 85' lang='lat' dir='ltr'>solvo.“</span> 
     </span>
     <span class='ocr_line' id='line_1_13' title="bbox 62 1036 1091 1078; baseline 0 0"><span class='ocrx_word' id='word_1_79' title='bbox 62 1037 121 1078; x_wconf 93' lang='lat' dir='ltr'>sic</span> <span class='ocrx_word' id='word_1_80' title='bbox 145 1036 201 1078; x_wconf 89' lang='lat' dir='ltr'>ait</span> <span class='ocrx_word' id='word_1_81' title='bbox 224 1042 264 1078; x_wconf 91' lang='lat' dir='ltr'>et</span> <span class='ocrx_word' id='word_1_82' title='bbox 288 1037 432 1078; x_wconf 85' lang='lat' dir='ltr'>dextra</span> <span class='ocrx_word' id='word_1_83' title='bbox 455 1037 608 1078; x_wconf 87' lang='lat' dir='ltr'>crinem</span> <span class='ocrx_word' id='word_1_84' title='bbox 634 1042 762 1078; x_wconf 88' lang='lat' dir='ltr'>secat:</span> <span class='ocrx_word' id='word_1_85' title='bbox 788 1036 922 1078; x_wconf 90' lang='lat' dir='ltr'>omnis</span> <span class='ocrx_word' id='word_1_86' title='bbox 947 1042 987 1078; x_wconf 88' lang='lat' dir='ltr'>et</span> <span class='ocrx_word' id='word_1_87' title='bbox 1010 1051 1091 1078; x_wconf 87' lang='lat' dir='ltr'>una</span> 
     </span>
     <span class='ocr_line' id='line_1_14' title="bbox 60 1097 1507 1153; baseline 0.001 -13"><span class='ocrx_word' id='word_1_88' title='bbox 60 1097 243 1153; x_wconf 87' lang='lat' dir='ltr'>dilapsus</span> <span class='ocrx_word' id='word_1_89' title='bbox 269 1097 378 1140; x_wconf 90' lang='lat' dir='ltr'>calor</span> <span class='ocrx_word' id='word_1_90' title='bbox 401 1104 523 1153; x_wconf 89' lang='lat' dir='ltr'>atque</span> <span class='ocrx_word' id='word_1_91' title='bbox 547 1098 589 1139; x_wconf 90' lang='lat' dir='ltr'>in</span> <span class='ocrx_word' id='word_1_92' title='bbox 612 1103 758 1140; x_wconf 90' lang='lat' dir='ltr'>ventos</span> <span class='ocrx_word' id='word_1_93' title='bbox 783 1097 869 1139; x_wconf 87' lang='lat' dir='ltr'>vita</span> <span class='ocrx_word' id='word_1_94' title='bbox 891 1098 1073 1139; x_wconf 86' lang='lat' dir='ltr'>recessit.</span> <span class='ocrx_word' id='word_1_95' title='bbox 1444 1111 1507 1141; x_wconf 82' lang='lat'>705</span> 
     </span>
    </p>
   </div>
   <div class='ocr_carea' id='block_1_3' title="bbox 475 1384 1008 1437">
    <p class='ocr_par' dir='ltr' id='par_1_3' title="bbox 475 1384 1008 1437">
     <span class='ocr_line' id='line_1_15' title="bbox 475 1384 1008 1437; baseline 0.002 -1"><span class='ocrx_word' id='word_1_96' title='bbox 475 1384 1008 1437; x_wconf 82' lang='lat' dir='ltr'><strong>AENEIDOS</strong></span> 
     </span>
    </p>
   </div>
   <div class='ocr_carea' id='block_1_4' title="bbox 563 1539 919 1578">
    <p class='ocr_par' dir='ltr' id='par_1_4' title="bbox 563 1539 919 1578">
     <span class='ocr_line' id='line_1_16' title="bbox 563 1539 919 1578; baseline -0.003 -1"><span class='ocrx_word' id='word_1_97' title='bbox 563 1539 823 1577; x_wconf 88' lang='lat' dir='ltr'>LIBER</span> <span class='ocrx_word' id='word_1_98' title='bbox 870 1539 919 1578; x_wconf 92' lang='lat' dir='ltr'>V.</span> 
     </span>
    </p>
   </div>
   <div class='ocr_carea' id='block_1_5' title="bbox 59 1652 1483 2752">
    <p class='ocr_par' dir='ltr' id='par_1_5' title="bbox 59 1652 1483 2752">
     <span class='ocr_line' id='line_1_17' title="bbox 117 1652 1129 1695; baseline 0 -1"><span class='ocrx_word' id='word_1_99' title='bbox 117 1653 279 1694; x_wconf 87' lang='lat' dir='ltr'>Interea</span> <span class='ocrx_word' id='word_1_100' title='bbox 302 1653 483 1694; x_wconf 86' lang='lat' dir='ltr'>medium</span> <span class='ocrx_word' id='word_1_101' title='bbox 507 1652 674 1695; x_wconf 86' lang='lat' dir='ltr'>Aeneas</span> <span class='ocrx_word' id='word_1_102' title='bbox 698 1654 781 1695; x_wconf 89' lang='lat' dir='ltr'>iam</span> <span class='ocrx_word' id='word_1_103' title='bbox 805 1653 938 1695; x_wconf 88' lang='lat' dir='ltr'>classe</span> <span class='ocrx_word' id='word_1_104' title='bbox 962 1653 1129 1694; x_wconf 89' lang='lat' dir='ltr'>tenebat</span> 
     </span>
     <span class='ocr_line' id='line_1_18' title="bbox 63 1714 1126 1769; baseline 0 -14"><span class='ocrx_word' id='word_1_105' title='bbox 63 1720 198 1755; x_wconf 89' lang='lat' dir='ltr'>certus</span> <span class='ocrx_word' id='word_1_106' title='bbox 222 1714 315 1764; x_wconf 89' lang='lat' dir='ltr'>iter,</span> <span class='ocrx_word' id='word_1_107' title='bbox 340 1714 572 1768; x_wconf 86' lang='lat' dir='ltr'>fluctusque</span> <span class='ocrx_word' id='word_1_108' title='bbox 596 1721 707 1756; x_wconf 89' lang='lat' dir='ltr'>atros</span> <span class='ocrx_word' id='word_1_109' title='bbox 731 1715 922 1769; x_wconf 89' lang='lat' dir='ltr'>aquilone</span> <span class='ocrx_word' id='word_1_110' title='bbox 947 1714 1126 1764; x_wconf 82' lang='lat' dir='ltr'>secabat,</span> 
     </span>
     <span class='ocr_line' id='line_1_19' title="bbox 60 1776 1111 1832; baseline 0.002 -16"><span class='ocrx_word' id='word_1_111' title='bbox 60 1776 223 1817; x_wconf 89' lang='lat' dir='ltr'>moenia</span> <span class='ocrx_word' id='word_1_112' title='bbox 244 1776 486 1832; x_wconf 84' lang='lat' dir='ltr'>respiciens,</span> <span class='ocrx_word' id='word_1_113' title='bbox 512 1790 617 1830; x_wconf 89' lang='lat' dir='ltr'>quae</span> <span class='ocrx_word' id='word_1_114' title='bbox 640 1777 723 1818; x_wconf 89' lang='lat' dir='ltr'>iam</span> <span class='ocrx_word' id='word_1_115' title='bbox 746 1776 922 1818; x_wconf 86' lang='lat' dir='ltr'>infelicis</span> <span class='ocrx_word' id='word_1_116' title='bbox 944 1776 1111 1818; x_wconf 87' lang='lat' dir='ltr'>Elissae</span> 
     </span>
     <span class='ocr_line' id='line_1_20' title="bbox 61 1836 1220 1894; baseline 0.001 -16"><span class='ocrx_word' id='word_1_117' title='bbox 61 1836 276 1878; x_wconf 85' lang='lat' dir='ltr'>conlucent</span> <span class='ocrx_word' id='word_1_118' title='bbox 298 1837 486 1880; x_wconf 89' lang='lat' dir='ltr'>fiammis.</span> <span class='ocrx_word' id='word_1_119' title='bbox 511 1853 617 1892; x_wconf 90' lang='lat' dir='ltr'>quae</span> <span class='ocrx_word' id='word_1_120' title='bbox 641 1844 801 1880; x_wconf 84' lang='lat' dir='ltr'>tantum</span> <span class='ocrx_word' id='word_1_121' title='bbox 824 1839 1056 1881; x_wconf 90' lang='lat' dir='ltr'>accenderit</span> <span class='ocrx_word' id='word_1_122' title='bbox 1079 1839 1220 1894; x_wconf 84' lang='lat' dir='ltr'>ignem</span> 
     </span>
     <span class='ocr_line' id='line_1_21' title="bbox 62 1899 1459 1956; baseline 0.003 -16"><span class='ocrx_word' id='word_1_123' title='bbox 62 1912 212 1940; x_wconf 87' lang='lat' dir='ltr'>caussa</span> <span class='ocrx_word' id='word_1_124' title='bbox 234 1899 351 1950; x_wconf 84' lang='lat' dir='ltr'>latet3</span> <span class='ocrx_word' id='word_1_125' title='bbox 376 1899 467 1941; x_wconf 87' lang='lat' dir='ltr'>duri</span> <span class='ocrx_word' id='word_1_126' title='bbox 489 1914 642 1956; x_wconf 86' lang='lat' dir='ltr'>magno</span> <span class='ocrx_word' id='word_1_127' title='bbox 666 1901 740 1942; x_wconf 85' lang='lat' dir='ltr'>sed</span> <span class='ocrx_word' id='word_1_128' title='bbox 764 1915 905 1942; x_wconf 89' lang='lat' dir='ltr'>amore</span> <span class='ocrx_word' id='word_1_129' title='bbox 929 1900 1091 1942; x_wconf 89' lang='lat' dir='ltr'>dolores</span> <span class='ocrx_word' id='word_1_130' title='bbox 1440 1915 1459 1944; x_wconf 82' lang='lat'>5</span> 
     </span>
     <span class='ocr_line' id='line_1_22' title="bbox 59 1960 1147 2018; baseline 0.002 -16"><span class='ocrx_word' id='word_1_131' title='bbox 59 1960 233 2016; x_wconf 90' lang='lat' dir='ltr'>polluto,</span> <span class='ocrx_word' id='word_1_132' title='bbox 257 1968 500 2016; x_wconf 88' lang='lat' dir='ltr'>notumque,</span> <span class='ocrx_word' id='word_1_133' title='bbox 525 1962 666 2005; x_wconf 87' lang='lat' dir='ltr'>furens</span> <span class='ocrx_word' id='word_1_134' title='bbox 691 1963 792 2018; x_wconf 84' lang='lat' dir='ltr'>quid</span> <span class='ocrx_word' id='word_1_135' title='bbox 814 1963 970 2004; x_wconf 86' lang='lat' dir='ltr'>femina</span> <span class='ocrx_word' id='word_1_136' title='bbox 991 1970 1147 2018; x_wconf 86' lang='lat' dir='ltr'>posset,</span> 
     </span>
     <span class='ocr_line' id='line_1_23' title="bbox 61 2023 1174 2081; baseline 0.001 -16"><span class='ocrx_word' id='word_1_137' title='bbox 61 2023 175 2065; x_wconf 86' lang='lat' dir='ltr'>triste</span> <span class='ocrx_word' id='word_1_138' title='bbox 197 2038 272 2079; x_wconf 89' lang='lat' dir='ltr'>per</span> <span class='ocrx_word' id='word_1_139' title='bbox 294 2025 513 2081; x_wconf 84' lang='lat' dir='ltr'>augurium</span> <span class='ocrx_word' id='word_1_140' title='bbox 537 2025 793 2067; x_wconf 88' lang='lat' dir='ltr'>Teucrorum</span> <span class='ocrx_word' id='word_1_141' title='bbox 814 2031 983 2081; x_wconf 84' lang='lat' dir='ltr'>pectora</span> <span class='ocrx_word' id='word_1_142' title='bbox 1007 2026 1174 2066; x_wconf 85' lang='lat' dir='ltr'>ducunt.</span> 
     </span>
     <span class='ocr_line' id='line_1_24' title="bbox 61 2084 1160 2142; baseline 0.003 -18"><span class='ocrx_word' id='word_1_143' title='bbox 61 2090 107 2124; x_wconf 91' lang='lat' dir='ltr'>ut</span> <span class='ocrx_word' id='word_1_144' title='bbox 127 2084 299 2141; x_wconf 86' lang='lat' dir='ltr'>pelagus</span> <span class='ocrx_word' id='word_1_145' title='bbox 325 2092 490 2128; x_wconf 87' lang='lat' dir='ltr'>tenuere</span> <span class='ocrx_word' id='word_1_146' title='bbox 513 2093 642 2137; x_wconf 88' lang='lat' dir='ltr'>rates,</span> <span class='ocrx_word' id='word_1_147' title='bbox 668 2102 744 2129; x_wconf 88' lang='lat' dir='ltr'>nec</span> <span class='ocrx_word' id='word_1_148' title='bbox 766 2087 850 2128; x_wconf 90' lang='lat' dir='ltr'>iam</span> <span class='ocrx_word' id='word_1_149' title='bbox 873 2087 1050 2142; x_wconf 89' lang='lat' dir='ltr'>amplius</span> <span class='ocrx_word' id='word_1_150' title='bbox 1075 2086 1160 2128; x_wconf 90' lang='lat' dir='ltr'>ulla</span> 
     </span>
     <span class='ocr_line' id='line_1_25' title="bbox 61 2145 1219 2202; baseline 0.002 -16"><span class='ocrx_word' id='word_1_151' title='bbox 61 2145 236 2187; x_wconf 83' lang='lat' dir='ltr'>occurrit</span> <span class='ocrx_word' id='word_1_152' title='bbox 258 2146 396 2197; x_wconf 87' lang='lat' dir='ltr'>tellus,</span> <span class='ocrx_word' id='word_1_153' title='bbox 421 2147 550 2189; x_wconf 87' lang='lat' dir='ltr'>maria</span> <span class='ocrx_word' id='word_1_154' title='bbox 571 2149 753 2202; x_wconf 85' lang='lat' dir='ltr'>undique</span> <span class='ocrx_word' id='word_1_155' title='bbox 778 2155 819 2189; x_wconf 88' lang='lat' dir='ltr'>et</span> <span class='ocrx_word' id='word_1_156' title='bbox 840 2149 1023 2202; x_wconf 86' lang='lat' dir='ltr'>undique</span> <span class='ocrx_word' id='word_1_157' title='bbox 1047 2148 1219 2197; x_wconf 88' lang='lat' dir='ltr'>caelum,</span> 
     </span>
     <span class='ocr_line' id='line_1_26' title="bbox 61 2205 1483 2263; baseline 0.004 -17"><span class='ocrx_word' id='word_1_158' title='bbox 61 2205 132 2246; x_wconf 89' lang='lat' dir='ltr'>olli</span> <span class='ocrx_word' id='word_1_159' title='bbox 155 2206 365 2248; x_wconf 86' lang='lat' dir='ltr'>caeruleus</span> <span class='ocrx_word' id='word_1_160' title='bbox 390 2222 514 2263; x_wconf 87' lang='lat' dir='ltr'>supra.</span> <span class='ocrx_word' id='word_1_161' title='bbox 539 2215 662 2263; x_wconf 87' lang='lat' dir='ltr'>caput</span> <span class='ocrx_word' id='word_1_162' title='bbox 686 2209 842 2250; x_wconf 85' lang='lat' dir='ltr'>adstitit</span> <span class='ocrx_word' id='word_1_163' title='bbox 864 2209 1006 2259; x_wconf 91' lang='lat' dir='ltr'>imber,</span> <span class='ocrx_word' id='word_1_164' title='bbox 1447 2223 1483 2251; x_wconf 78' lang='grc' dir='ltr'>ιο</span> 
     </span>
     <span class='ocr_line' id='line_1_27' title="bbox 61 2267 1326 2322; baseline 0.003 -15"><span class='ocrx_word' id='word_1_165' title='bbox 61 2272 225 2308; x_wconf 87' lang='lat' dir='ltr'>noctem</span> <span class='ocrx_word' id='word_1_166' title='bbox 248 2267 506 2322; x_wconf 87' lang='lat' dir='ltr'>hiememque</span> <span class='ocrx_word' id='word_1_167' title='bbox 530 2269 686 2319; x_wconf 87' lang='lat' dir='ltr'>serens,</span> <span class='ocrx_word' id='word_1_168' title='bbox 711 2276 752 2311; x_wconf 89' lang='lat' dir='ltr'>et</span> <span class='ocrx_word' id='word_1_169' title='bbox 775 2270 976 2311; x_wconf 87' lang='lat' dir='ltr'>inhorruit</span> <span class='ocrx_word' id='word_1_170' title='bbox 998 2270 1110 2311; x_wconf 90' lang='lat' dir='ltr'>unda</span> <span class='ocrx_word' id='word_1_171' title='bbox 1134 2269 1326 2311; x_wconf 86' lang='lat' dir='ltr'>tenebris.</span> 
     </span>
     <span class='ocr_line' id='line_1_28' title="bbox 62 2327 1018 2384; baseline 0.004 -16"><span class='ocrx_word' id='word_1_172' title='bbox 62 2327 150 2382; x_wconf 89' lang='lat' dir='ltr'>ipse</span> <span class='ocrx_word' id='word_1_173' title='bbox 174 2327 424 2383; x_wconf 87' lang='lat' dir='ltr'>gubernator</span> <span class='ocrx_word' id='word_1_174' title='bbox 445 2330 575 2384; x_wconf 90' lang='lat' dir='ltr'>puppi</span> <span class='ocrx_word' id='word_1_175' title='bbox 597 2329 818 2372; x_wconf 79' lang='lat' dir='ltr'>Palinurus</span> <span class='ocrx_word' id='word_1_176' title='bbox 842 2330 894 2372; x_wconf 85' lang='lat' dir='ltr'>ab</span> <span class='ocrx_word' id='word_1_177' title='bbox 918 2331 1018 2372; x_wconf 87' lang='lat' dir='ltr'>alta:</span> 
     </span>
     <span class='ocr_line' id='line_1_29' title="bbox 66 2388 1139 2443; baseline 0.003 -14"><span class='ocrx_word' id='word_1_178' title='bbox 66 2388 190 2439; x_wconf 71' lang='lat' dir='ltr'>„heul</span> <span class='ocrx_word' id='word_1_179' title='bbox 215 2389 408 2443; x_wconf 85' lang='lat' dir='ltr'>quianam</span> <span class='ocrx_word' id='word_1_180' title='bbox 432 2390 535 2431; x_wconf 89' lang='lat' dir='ltr'>tanti</span> <span class='ocrx_word' id='word_1_181' title='bbox 558 2390 773 2432; x_wconf 85' lang='lat' dir='ltr'>cinxerunt</span> <span class='ocrx_word' id='word_1_182' title='bbox 797 2391 963 2432; x_wconf 87' lang='lat' dir='ltr'>aethera</span> <span class='ocrx_word' id='word_1_183' title='bbox 984 2391 1139 2433; x_wconf 81' lang='lat' dir='ltr'>nimbi?</span> 
     </span>
     <span class='ocr_line' id='line_1_30' title="bbox 62 2449 1251 2506; baseline 0.002 -15"><span class='ocrx_word' id='word_1_184' title='bbox 62 2449 231 2503; x_wconf 86' lang='lat' dir='ltr'>quidve,</span> <span class='ocrx_word' id='word_1_185' title='bbox 256 2457 373 2506; x_wconf 87' lang='lat' dir='ltr'>pater</span> <span class='ocrx_word' id='word_1_186' title='bbox 395 2450 604 2506; x_wconf 85' lang='lat' dir='ltr'>Neptune,</span> <span class='ocrx_word' id='word_1_187' title='bbox 629 2452 808 2506; x_wconf 87' lang='lat' dir='ltr'>paras?“</span> <span class='ocrx_word' id='word_1_188' title='bbox 834 2452 894 2493; x_wconf 90' lang='lat' dir='ltr'>sic</span> <span class='ocrx_word' id='word_1_189' title='bbox 918 2452 1066 2493; x_wconf 89' lang='lat' dir='ltr'>deinde</span> <span class='ocrx_word' id='word_1_190' title='bbox 1090 2453 1251 2494; x_wconf 85' lang='lat' dir='ltr'>locutus</span> 
     </span>
     <span class='ocr_line' id='line_1_31' title="bbox 62 2510 1481 2567; baseline 0.004 -15"><span class='ocrx_word' id='word_1_191' title='bbox 62 2510 252 2567; x_wconf 85' lang='lat' dir='ltr'>colligere</span> <span class='ocrx_word' id='word_1_192' title='bbox 276 2527 390 2553; x_wconf 88' lang='lat' dir='ltr'>arma</span> <span class='ocrx_word' id='word_1_193' title='bbox 412 2512 527 2554; x_wconf 91' lang='lat' dir='ltr'>iubet</span> <span class='ocrx_word' id='word_1_194' title='bbox 549 2512 779 2566; x_wconf 88' lang='lat' dir='ltr'>validisque</span> <span class='ocrx_word' id='word_1_195' title='bbox 802 2512 1039 2554; x_wconf 87' lang='lat' dir='ltr'>incumbere</span> <span class='ocrx_word' id='word_1_196' title='bbox 1063 2514 1199 2563; x_wconf 85' lang='lat' dir='ltr'>remis,</span> <span class='ocrx_word' id='word_1_197' title='bbox 1442 2528 1481 2558; x_wconf 87' lang='lat'>15</span> 
     </span>
     <span class='ocr_line' id='line_1_32' title="bbox 62 2572 1067 2630; baseline 0.001 -16"><span class='ocrx_word' id='word_1_198' title='bbox 62 2572 324 2630; x_wconf 85' lang='lat' dir='ltr'>obliquatque</span> <span class='ocrx_word' id='word_1_199' title='bbox 349 2574 464 2615; x_wconf 90' lang='lat' dir='ltr'>sinus</span> <span class='ocrx_word' id='word_1_200' title='bbox 488 2573 531 2614; x_wconf 92' lang='lat' dir='ltr'>in</span> <span class='ocrx_word' id='word_1_201' title='bbox 554 2580 721 2614; x_wconf 88' lang='lat' dir='ltr'>ventum</span> <span class='ocrx_word' id='word_1_202' title='bbox 746 2588 794 2615; x_wconf 86' lang='lat' dir='ltr'>ac</span> <span class='ocrx_word' id='word_1_203' title='bbox 818 2574 915 2615; x_wconf 88' lang='lat' dir='ltr'>talia</span> <span class='ocrx_word' id='word_1_204' title='bbox 938 2574 1067 2615; x_wconf 86' lang='lat' dir='ltr'>fatur:</span> 
     </span>
     <span class='ocr_line' id='line_1_33' title="bbox 65 2634 1222 2690; baseline 0.002 -15"><span class='ocrx_word' id='word_1_205' title='bbox 65 2634 348 2690; x_wconf 82' lang='lat' dir='ltr'>„magnanime</span> <span class='ocrx_word' id='word_1_206' title='bbox 371 2634 535 2685; x_wconf 87' lang='lat' dir='ltr'>Aenea,</span> <span class='ocrx_word' id='word_1_207' title='bbox 561 2649 662 2685; x_wconf 92' lang='lat' dir='ltr'>non,</span> <span class='ocrx_word' id='word_1_208' title='bbox 689 2635 724 2676; x_wconf 86' lang='lat' dir='ltr'>si</span> <span class='ocrx_word' id='word_1_209' title='bbox 748 2634 846 2675; x_wconf 87' lang='lat' dir='ltr'>mihi</span> <span class='ocrx_word' id='word_1_210' title='bbox 872 2635 1058 2690; x_wconf 87' lang='lat' dir='ltr'>Iuppiter</span> <span class='ocrx_word' id='word_1_211' title='bbox 1081 2641 1222 2677; x_wconf 85' lang='lat' dir='ltr'>auctor</span> 
     </span>
     <span class='ocr_line' id='line_1_34' title="bbox 63 2695 1161 2752; baseline 0.001 -16"><span class='ocrx_word' id='word_1_212' title='bbox 63 2695 278 2750; x_wconf 78' lang='lat' dir='ltr'>spondeat,</span> <span class='ocrx_word' id='word_1_213' title='bbox 302 2696 382 2738; x_wconf 91' lang='lat' dir='ltr'>hoc</span> <span class='ocrx_word' id='word_1_214' title='bbox 405 2711 566 2752; x_wconf 86' lang='lat' dir='ltr'>sperem</span> <span class='ocrx_word' id='word_1_215' title='bbox 590 2696 752 2738; x_wconf 83' lang='lat' dir='ltr'>Italiam</span> <span class='ocrx_word' id='word_1_216' title='bbox 778 2696 1012 2752; x_wconf 84' lang='lat' dir='ltr'>contingere</span> <span class='ocrx_word' id='word_1_217' title='bbox 1036 2697 1161 2739; x_wconf 88' lang='lat' dir='ltr'>caclo.</span> 
     </span>
    </p>
   </div>
  </div>
 </body>
</html>
