1820 3080
270 508 331 538 145

270 809 332 839 150

271 1113 333 1143 155

274 1414 336 1444 160

277 1717 337 1746 165

279 2017 340 2046 170

356 263 436 306 326
754 271 795 304 P.
815 268 1046 305 VERGILII
1064 266 1288 302 MARole

356 373 455 422 scis,
479 378 525 413 ut
548 377 587 412 te
612 370 766 411 cunctis
791 383 932 417 unam,
958 381 1238 421 quaecumque
1260 367 1435 408 Latinae

354 432 604 489 magnanimi
626 430 738 471 Iovis
762 430 967 484 ingratum
991 428 1209 470 ascendere
1234 427 1378 477 cubile,

354 492 630 549 praetulerim,
656 490 838 543 caelique
861 489 992 531 libens
1016 489 1058 529 in
1080 494 1194 543 parte
1216 488 1402 530 locarim:

355 555 466 595 disce
489 559 622 601 tuum,
647 565 698 592 ne
722 565 786 591 me
810 550 992 599 incuses,
1017 549 1205 599 Iuturna,
1231 549 1424 590 dolorem.

354 629 435 667 qua
458 613 548 654 visa
570 618 632 654 est
655 611 818 652 fortuna
840 611 942 666 pati,
970 610 1204 664 Parcaeque
1228 609 1416 652 sinebant

355 675 497 716 cedere
520 688 585 715 res
609 673 751 722 Latio,
778 672 966 713 Turnum
990 678 1030 713 et
1052 677 1122 712 tua
1146 671 1307 713 moenia
1330 671 1430 712 texi:

354 749 462 776 nune
485 734 676 775 iuvenem
699 733 909 788 inparibus
934 733 1053 774 video
1078 746 1315 774 concurrere
1339 732 1448 780 fatis,

355 795 659 848 Parcarumque
683 795 771 836 dies
795 800 836 835 et
858 794 921 836 vis
945 793 1109 835 inimica
1131 793 1386 848 propinquat.

354 871 437 898 non
458 871 640 912 pugnam
664 855 845 911 aspicere
868 854 973 896 hanc
997 854 1143 904 oculis,
1167 869 1249 895 non
1271 853 1438 895 foedera
1460 868 1641 908 possum.

355 925 400 958 tu
422 932 496 972 pro
519 931 714 972 germano
739 916 874 970 siquid
895 915 1149 971 praesentius
1175 915 1314 963 audes,

354 992 479 1033 perge
487 994 499 1028 ;
523 979 650 1019 decet.
675 977 815 1019 forsan
837 977 1007 1018 miseros
1031 976 1198 1017 meliora
1222 981 1452 1029 sequentur.
1465 979 1485 997 ‘⁴

356 1039 427 1080 vix
451 1053 517 1088 ea,
543 1053 636 1080 cum
659 1038 847 1079 lacrimas
872 1037 999 1079 oculis
1024 1037 1195 1077 Iuturna
1217 1036 1409 1091 profudit,

357 1106 497 1153 terque
521 1105 743 1153 quaterque
766 1113 891 1140 manu
912 1103 1055 1153 pectus
1078 1097 1280 1152 percussit
1303 1097 1531 1138 honestum.

359 1175 466 1212 „non
488 1160 665 1201 lacrimis
689 1159 767 1201 hoc
791 1161 998 1213 tempus,“
1024 1158 1080 1199 ait
1105 1156 1298 1200 Saturnia
1320 1158 1438 1199 Iuno.

360 1221 570 1272 „adcelera
594 1227 634 1261 et
658 1220 839 1270 fratrem,
866 1221 901 1260 si
924 1220 1014 1273 quis
1038 1219 1202 1267 modus,
1228 1218 1339 1272 eripe
1362 1218 1493 1267 morti,

359 1288 429 1322 aut
452 1287 497 1322 tu
518 1281 626 1322 bella
650 1281 729 1329 cie,
754 1286 1077 1335 conceptumque
1101 1285 1246 1320 excute
1270 1279 1427 1320 foedus.

360 1346 500 1381 auctor
522 1354 599 1395 ego
624 1340 839 1380 audendi.“
867 1339 925 1380 sic
949 1339 1160 1380 exhortata
1181 1338 1343 1391 reliquit

358 1401 553 1441 incertam
577 1406 617 1441 et
640 1400 743 1441 tristi
767 1399 971 1440 turbatam
995 1399 1158 1440 volnere
1182 1399 1341 1440 mentis.

415 1461 577 1501 Interea
599 1474 737 1515 reges,
762 1460 918 1515 ingenti
940 1460 1046 1501 mole
1070 1460 1247 1501 Latinus

360 1521 602 1576 quadriiugo
626 1520 787 1562 vehitur
810 1535 948 1570 curru,
973 1521 1038 1562 cui
1063 1526 1246 1575 tempora
1270 1522 1420 1562 circum

362 1581 492 1622 aurati
515 1581 578 1623 bis
604 1596 678 1623 sex
700 1581 803 1622 radii
826 1581 1026 1637 fulgentia
1050 1582 1231 1636 cingunt,

363 1641 472 1683 Solis
497 1642 564 1683 avi
587 1642 810 1697 specimen3
836 1642 942 1698 bigis
966 1642 998 1683 it
1022 1642 1186 1684 Turnus
1210 1643 1253 1684 in
1276 1642 1392 1692 albis,

362 1703 458 1744 bina
479 1718 604 1744 manu
627 1703 708 1744 lato
733 1703 915 1758 crispans
939 1703 1101 1744 hastilia
1125 1703 1244 1745 ferro.

360 1763 455 1804 hinc
477 1770 593 1818 pater
615 1763 800 1813 Aeneas,
825 1763 1036 1805 Romanae
1061 1764 1197 1818 stirpis
1222 1765 1348 1820 origo,

363 1824 520 1864 sidereo
543 1824 719 1879 flagrans
746 1825 875 1879 clipeo
899 1830 939 1865 et
962 1825 1205 1866 caelestibus
1230 1826 1365 1874 armis,

364 1890 403 1924 ct
426 1884 541 1924 iuxta
563 1884 788 1934 Ascanius,
814 1899 987 1940 magnae
1012 1900 1106 1940 spes
1130 1885 1256 1926 altera
1278 1886 1448 1934 Romae,

362 1944 586 1998 procedunt
610 1945 771 1994 castris,
795 1959 976 1999 puraque
1000 1945 1044 1986 in
1066 1951 1179 1987 veste
1204 1947 1393 1987 sacerdos

365 2004 588 2058 saetigerae
612 2004 741 2045 fetum
766 2005 850 2046 suis
874 2005 1159 2058 intonsamque
1183 2005 1389 2046 bidentem

299 2121 303 2125 ἢ
365 2064 514 2114 attulit,
540 2064 800 2118 admovitque
822 2079 948 2120 pecus
973 2065 1237 2120 flagrantibus
1263 2066 1355 2107 aris.

281 2320 342 2349 175

282 2622 344 2652 180

364 2124 422 2164 illi
445 2125 497 2165 ad
521 2132 752 2180 surgentem
778 2125 963 2167 conversi
985 2125 1140 2167 lumina
1163 2126 1291 2167 solem

365 2185 463 2226 dant
486 2185 625 2240 fruges
650 2187 838 2227 manibus
863 2186 992 2228 salsas
1017 2193 1057 2228 et
1079 2192 1261 2242 tempora
1285 2186 1390 2228 ferro

367 2260 526 2287 summa
548 2252 690 2287 notant
711 2247 933 2301 pecudum,
958 2247 1190 2301 paterisque
1215 2247 1356 2288 altaria
1378 2248 1517 2288 libant.

366 2313 453 2347 tum
475 2307 567 2361 pius
591 2306 757 2349 Aeneas
783 2308 920 2349 stricto
946 2308 1005 2349 sic
1029 2323 1126 2349 ense
1149 2315 1353 2363 precatur:

368 2374 480 2418 „esto
503 2382 611 2409 nunc
636 2368 698 2410 sol
720 2369 844 2410 testis
859 2375 899 2410 et
921 2369 1023 2410 haee
1044 2369 1145 2410 mihi
1168 2375 1273 2411 terra
1295 2369 1490 2424 precanti,

367 2442 490 2482 quam
512 2435 677 2483 propter
700 2435 833 2471 tantos
856 2430 972 2485 potui
994 2430 1173 2484 perferre
1195 2430 1369 2480 labores,

368 2496 408 2529 ct
430 2495 546 2543 pater
568 2490 822 2545 omnipotens
846 2497 887 2532 et
910 2496 955 2532 tu
980 2489 1172 2532 Saturnia
1195 2490 1312 2541 Iuno,

366 2549 448 2589 iam
472 2550 631 2600 melior,
655 2550 756 2600 iam,
781 2551 893 2601 diva,
917 2566 1061 2607 precor
1068 2568 1079 2602 ;
1104 2557 1229 2605 tuque
1252 2552 1403 2593 inclute
1425 2551 1606 2600 Mavors,

369 2616 514 2651 cuncta
536 2616 606 2652 tuo
629 2611 700 2665 qui
722 2611 846 2661 bella,
871 2618 1005 2666 pater,
1031 2611 1108 2654 sub
1131 2612 1296 2654 numine
1319 2618 1501 2666 torques3

367 2669 581 2724 sontesque
605 2671 832 2726 fluviosque
856 2687 975 2723 voco,
1001 2687 1185 2727 quaeque
1209 2673 1380 2715 aetheris
1405 2672 1474 2714 alti
