1794 3048
368 297 446 339 142
765 307 806 341 P.
826 306 1056 342 VERGILII
1073 306 1296 345 MARONIS

362 413 403 448 et
425 421 505 461 quo
529 421 731 460 quemque
754 407 875 448 modo
899 407 1116 463 fugiasque
1140 407 1328 462 ferasque
1351 409 1542 458 laborem,

274 480 339 510 460
362 468 567 521 expediet,
593 481 817 521 cursusque
841 468 954 509 dabit
977 474 1169 510 venerata
1193 470 1406 512 secundos.

360 527 462 568 haec
486 534 598 577 sunt,
624 542 728 581 quae
751 535 890 571 nostra
912 530 1031 571 liceat
1055 536 1094 571 te
1117 544 1218 571 voce
1241 532 1407 573 moneri.

359 588 463 628 vade
487 602 564 643 age
589 594 629 629 et
650 589 859 644 ingentem
882 590 1001 632 factis
1025 590 1088 632 fer
1111 591 1164 632 ad
1187 591 1352 633 aethera
1375 592 1582 634 Troiam.“

418 647 535 701 Quae
557 655 913 703 postquam,vates
938 651 997 693 sic
1021 665 1090 693 ore
1115 652 1261 694 effatus
1285 653 1416 698 amico
1440 662 1513 703 est,

360 708 467 750 dona
490 710 636 751 dehinc
660 726 758 752 auro
781 712 924 766 gravia
947 727 971 753 a
995 718 1186 766 sectoque
1211 713 1426 768 elephanto

270 782 335 813 465
359 770 530 824 imperat
553 772 606 812 ad
628 773 744 814 navis
769 773 884 822 ferri,
910 774 1114 828 stipatque
1138 774 1285 816 carinis

359 833 502 887 ingens
527 839 741 889 argentum
763 834 1094 889 Dodonaeosque
1116 835 1284 886 lebetas,

358 893 525 934 loricam
549 901 776 936 consertam
799 895 930 938 hamis
955 910 1134 950 auroque
1158 897 1339 947 trilicem,

360 960 400 994 et
423 968 570 995 conum
592 955 764 1011 insignis
789 957 931 1012 galeae
955 957 1178 1010 cristasque
1203 958 1412 1007 comantis,

359 1030 472 1055 arma
493 1015 761 1070 Neoptolemi.
788 1023 882 1059 sunt
905 1023 946 1059 et
970 1033 1045 1059 sua
1068 1018 1175 1059 dona
1197 1019 1366 1073 parenti.

270 1087 336 1118 470
360 1075 472 1116 addit
495 1089 639 1129 equos,
665 1078 857 1131 additque
881 1079 1006 1119 duces
1014 1094 1025 1128 ;

357 1137 574 1192 remigium
598 1138 759 1193 supplet
766 1155 777 1189 3
804 1140 934 1181 socios
960 1139 1081 1180 simul
1103 1139 1265 1180 instruit
1289 1140 1423 1181 armis.

412 1197 575 1240 Interea
597 1199 771 1241 classem
794 1200 895 1242 velis
920 1206 1058 1255 aptare
1081 1200 1247 1242 iubebat

357 1257 582 1309 Anchises,
607 1259 721 1302 fieret
744 1266 866 1302 vento
890 1275 1004 1302 mora
1026 1275 1078 1301 ne
1102 1275 1183 1314 qua
1206 1261 1363 1302 ferenti.

358 1333 479 1372 quem
502 1319 661 1362 Phoebi
684 1321 880 1376 interpres
905 1321 1032 1362 multo
1057 1321 1258 1375 conpellat
1280 1322 1452 1362 honore:

269 1392 334 1421 475
360 1380 592 1435 „coniugio,
617 1380 820 1431 Anchisa,
845 1381 1018 1423 Veneris
1044 1382 1208 1436 dignate
1234 1383 1423 1437 superbo,

358 1455 455 1481 cura
478 1442 618 1491 deum,
643 1442 707 1483 bis
731 1441 969 1497 Pergameis
995 1449 1131 1497 erepte
1154 1443 1295 1493 ruinis,

358 1515 452 1542 ecce
476 1501 549 1542 tibi
572 1501 783 1544 Ausoniae
807 1503 945 1553 tellus3
968 1503 1075 1544 hanc
1099 1504 1230 1558 arripe
1253 1504 1367 1545 velis.

357 1566 398 1601 et
420 1567 556 1602 tamen
578 1562 683 1604 hanc
706 1563 853 1618 pelago
874 1563 1171 1618 praeterlabare
1194 1578 1362 1605 necesse
1387 1570 1467 1614 est3

356 1620 568 1663 Ausoniae
591 1638 687 1678 pars
711 1624 781 1664 illa
802 1624 962 1678 procul,
988 1638 1111 1677 quam
1134 1625 1276 1678 pandit
1298 1623 1462 1679 Apollo.

269 1695 335 1725 480
358 1682 509 1732 vade,“
535 1684 591 1724 ait
617 1699 666 1735 „o
691 1683 790 1725 felix
812 1684 897 1725 nati
920 1684 1082 1739 pietate.
1109 1685 1207 1738 quid
1229 1685 1335 1726 ultra

355 1743 558 1798 provehor
581 1750 621 1786 et
643 1744 768 1786 fando
793 1745 996 1800 surgentis
1021 1746 1208 1786 demoror
1231 1745 1445 1787 austros?“

356 1818 432 1846 nec
455 1805 589 1846 minus
614 1804 922 1855 Andromache,
948 1806 1137 1861 digressu
1158 1812 1315 1848 maesta
1339 1820 1540 1860 supremo,

356 1864 436 1905 fert
458 1866 679 1920 picturatas
704 1867 792 1907 auri
816 1866 1044 1908 subtemine
1067 1872 1202 1908 vestes

359 1932 400 1967 et
421 1925 648 1982 Phrygiam
669 1925 853 1968 Ascanio
877 1928 1154 1982 chlamydem,
1179 1942 1256 1969 nec
1279 1928 1386 1969 cedit
1407 1927 1572 1976 honore,

269 1999 332 2030 485
357 1987 646 2041 textilibusque
670 1993 809 2028 onerat
833 1988 949 2028 donis
974 2002 1022 2028 ac
1046 1988 1142 2028 talia
1165 1988 1291 2029 fatur:

359 2047 523 2102 „accipe
547 2054 588 2089 et
610 2048 731 2097 haec,
756 2062 952 2088 manuum
976 2047 1049 2089 tibi
1074 2062 1178 2101 quae
1201 2054 1463 2089 monumenta
1486 2062 1667 2088 mearum

359 2108 456 2158 sint,
481 2123 600 2163 puer,
626 2114 666 2150 et
688 2109 859 2164 longum
881 2107 1196 2150 Andromachae
1220 2114 1418 2150 testentur
1441 2123 1632 2158 amorem,

358 2169 542 2224 coniugis
567 2169 808 2210 Hectoreae.
834 2183 934 2223 cape
958 2170 1065 2210 dona
1088 2175 1269 2211 extrema
1291 2176 1465 2219 tuorum,

357 2244 382 2271 o
405 2229 505 2270 mihi
530 2230 617 2271 sola
639 2229 720 2270 mei
744 2244 867 2284 super
888 2229 1154 2284 Astyanactis
1179 2230 1326 2285 imago.

269 2303 333 2333 490
358 2290 417 2331 sic
441 2290 597 2340 oculos,
624 2290 682 2332 sic
704 2290 772 2331 ille
796 2305 960 2339 manus,
987 2290 1046 2331 sic
1069 2304 1140 2331 ora
1162 2290 1338 2340 ferebat3

357 2356 398 2392 et
419 2365 528 2392 nunc
551 2351 711 2404 aequali
733 2356 869 2392 tecum
891 2350 1133 2405 pubesceret
1156 2353 1298 2392 aevo.“

356 2411 432 2453 hos
458 2426 535 2466 ego
559 2412 789 2467 digrediens
812 2411 988 2453 lacrimis
1014 2411 1184 2453 adfabar
1207 2411 1377 2453 obortis:

359 2472 509 2522 „vivite
532 2472 692 2522 felices,
717 2472 865 2526 quibus
890 2477 953 2513 est
975 2471 1140 2513 fortuna
1160 2478 1326 2527 peracta

356 2533 439 2573 iam
464 2547 555 2582 suag
579 2547 654 2573 nos
678 2532 759 2574 alia
782 2547 834 2573 ex
857 2532 946 2573 aliis
970 2532 1011 2573 in
1035 2532 1121 2573 fata
1143 2546 1348 2574 vocamur.

270 2605 333 2635 495
357 2592 474 2634 vobis
497 2598 615 2647 parta
637 2593 772 2646 quies3
795 2593 953 2634 nullum
977 2593 1099 2634 maris
1124 2607 1276 2646 aequor
1297 2591 1507 2639 arandum,

358 2668 455 2694 arva
477 2667 609 2706 neque
632 2652 845 2695 Ausoniae
870 2668 1031 2708 semper
1053 2653 1238 2694 cedentia
1258 2658 1366 2693 retro

358 2715 600 2767 quaerenda.
627 2714 807 2769 effigiem
829 2714 990 2756 Xanthi
1014 2714 1259 2767 Troiamque
1284 2712 1440 2762 videtis,
