1774 3068
522 307 781 346 AENEIDOS
801 308 899 345 LIB.
919 309 984 344 VI.

69 414 316 471 adspectans
342 413 491 455 silvam
514 413 767 464 inmensam,
793 419 834 455 et
858 413 919 455 sic
942 412 1049 455 forte
1072 419 1282 470 precaturi

71 476 135 528 „si
157 490 268 518 nunc
292 490 337 518 se
361 474 482 518 nobis
507 475 576 517 ille
601 489 751 517 aureus
776 474 923 518 arbore
945 490 1086 518 ramus

68 538 260 580 ostendat
283 552 452 580 nemore
475 537 521 579 in
544 537 676 580 tanto!
703 537 870 591 quando
895 537 1034 580 omnia
1056 552 1155 580 vere

68 599 152 642 heu
173 599 348 642 nimium
372 600 424 641 de
448 605 490 642 te
513 606 648 649 vates,
673 599 859 650 Misene,
884 599 1024 643 locuta
1047 601 1153 642 est.“

68 662 140 704 vix
164 676 214 704 ea
236 661 349 704 fatus
374 667 479 713 erat,
504 661 697 718 geminae
721 676 818 703 cum
840 661 947 704 forte
972 661 1190 704 columbae

67 723 161 780 ipsa
185 722 263 766 sub
288 738 360 766 ora
383 723 461 765 viri
485 723 600 766 caelo
624 738 774 766 venere
798 724 986 767 volantes

69 792 110 828 et
134 786 256 828 viridi
279 786 423 829 sedere
448 785 550 828 solo.
577 792 665 828 tum
689 787 897 829 maximus
922 786 1045 828 heros

68 854 276 890 maternas
300 847 501 905 adgnovit
524 861 643 898 aves,
668 847 886 904 laetusque
909 855 1121 905 precatur:

71 917 187 962 „este
210 910 358 961 duces,
384 925 428 960 o,
455 910 491 952 si
515 924 599 965 qua
621 910 690 952 via
714 916 795 962 est,
821 924 1072 966 cursumque
1095 925 1171 966 per
1195 926 1318 954 auras

68 973 232 1030 dirigite
255 972 299 1015 in
322 972 459 1024 lucos,
484 972 559 1016 ubi
581 973 781 1030 pinguem
805 973 924 1016 dives
951 979 1100 1029 opacat

67 1049 208 1078 ramus
232 1034 420 1078 humum.
445 1042 593 1091 tuque,
619 1051 664 1087 o,
690 1036 829 1079 dubiis
853 1051 907 1079 ne
931 1036 1063 1079 defice
1086 1035 1227 1087 rebus,

68 1097 166 1140 diva
187 1101 379 1154 parens.“
406 1098 468 1141 sic
491 1098 642 1141 effatus
667 1099 846 1156 vestigia
867 1099 1033 1155 pressit,

68 1159 295 1204 observans
319 1176 427 1216 quae
452 1161 574 1219 signa
596 1161 750 1212 ferant,
776 1176 859 1217 quo
884 1162 1054 1204 tendere
1078 1169 1258 1219 pergant

67 1229 307 1280 pascentes3
329 1224 425 1267 illae
449 1230 609 1267 tantum
632 1224 798 1280 prodire
822 1225 1016 1276 volando,

69 1291 272 1340 quantum
294 1287 383 1330 acie
405 1293 578 1343 possent
601 1287 711 1330 oculi
735 1303 900 1331 servare
925 1295 1181 1344 sequentem.

68 1347 166 1391 inde
190 1347 262 1391 ubi
284 1363 436 1391 venere
460 1349 514 1391 ad
538 1349 681 1392 fauces
705 1350 984 1406 graveolentis
1007 1349 1181 1401 Averni,

70 1409 219 1452 tollunt
243 1425 288 1452 se
313 1410 486 1461 celeres,
512 1410 798 1465 liquidumque
821 1426 897 1467 per
920 1427 1017 1454 aera
1039 1412 1184 1468 lapsae

71 1471 241 1514 sedibus
266 1473 418 1528 optatis
442 1473 610 1529 gemina
634 1488 760 1528 super
783 1473 930 1516 arbore
955 1474 1109 1524 sidunt,
1181 1519 1186 1523 ,

72 1534 252 1577 discolor
275 1535 385 1577 unde
409 1535 499 1577 auri
521 1549 597 1591 per
620 1550 758 1577 ramos
783 1551 884 1578 aura
905 1535 1081 1578 refulsit.

70 1595 193 1650 quale
218 1595 324 1638 solet
347 1596 463 1639 silvis
487 1596 665 1639 brumali
689 1597 844 1654 frigore
869 1597 1031 1640 viscum

70 1657 217 1700 fronde
241 1658 372 1700 virere
396 1674 522 1709 nova,
548 1659 662 1713 quod
686 1674 769 1701 non
794 1674 871 1702 sua
896 1660 1074 1702 seminat
1098 1659 1234 1710 arbos,

71 1726 113 1761 et
136 1733 281 1762 croceo
304 1720 394 1762 fetu
417 1721 556 1763 teretis
582 1721 838 1764 circumdare
862 1727 1046 1773 truncos,

71 1780 166 1823 talis
190 1787 279 1824 erat
301 1782 462 1838 species
486 1783 577 1824 auri
600 1782 831 1826 frondentis
857 1798 989 1839 opaca

71 1843 183 1894 ilice,
210 1844 270 1887 sic
292 1843 376 1887 leni
400 1844 627 1901 crepitabat
651 1845 818 1889 bractea
841 1853 978 1889 vento.

73 1906 240 1962 corripit
261 1905 431 1950 Aeneas
457 1907 685 1964 extemplo,
711 1908 941 1963 avidusque
964 1909 1158 1966 refringit

73 1973 337 2010 cunctantem
362 1975 403 2011 et
425 1969 533 2012 vatis
556 1975 694 2026 portat
718 1969 796 2013 sub
822 1977 931 2013 tecta
957 1969 1156 2027 Sibyllae.

127 2029 217 2072 Nec
239 2030 377 2073 minus
401 2031 558 2074 interea
581 2031 795 2074 Misenum
818 2033 862 2074 in
884 2033 1003 2076 litore
1027 2034 1181 2076 Teucri

72 2090 227 2134 flebant
250 2098 292 2134 et
315 2092 441 2135 cineri
463 2093 627 2151 ingrato
652 2109 847 2150 suprema
870 2095 1072 2138 ferebant.

73 2153 272 2209 principio
295 2154 494 2212 pinguem
518 2156 650 2198 taedis
675 2163 716 2198 et
738 2157 887 2200 robore
912 2164 1026 2201 secto

73 2214 284 2271 ingentem
309 2222 495 2259 struxere
518 2232 685 2273 pyram,
711 2219 779 2260 cui
802 2218 1020 2262 frondibus
1046 2220 1145 2262 atris

74 2276 264 2318 intexunt
285 2277 416 2320 latera
438 2285 480 2320 et
503 2279 643 2321 feralis
668 2286 763 2322 ante
787 2295 1010 2336 cupressos

76 2337 348 2389 constituunt,
373 2339 653 2394 decorantque
677 2356 802 2396 super
825 2342 1083 2398 fulgentibus
1109 2342 1247 2384 armis.

75 2414 172 2456 pars
197 2399 352 2442 calidos
377 2400 519 2443 latices
545 2407 586 2443 et
609 2416 714 2444 aena
735 2403 936 2445 undantia
957 2404 1136 2446 flammis

76 2462 319 2519 expediunt,
345 2477 578 2519 corpusque
602 2464 743 2506 lavant
765 2465 956 2521 frigentis
980 2472 1022 2508 et
1045 2472 1249 2522 unguunt.

76 2524 123 2566 fit
144 2525 337 2582 gemitus.
363 2531 453 2567 tum
476 2525 663 2568 membra
688 2532 776 2569 toro
801 2527 952 2570 defleta
973 2539 1193 2583 reponunt,

76 2601 388 2643 purpureasque
413 2603 538 2644 super
560 2597 718 2638 vestes,
743 2588 950 2632 velamina
972 2598 1084 2640 nota,

79 2649 296 2692 coniciunt.
321 2665 418 2706 pars
442 2651 601 2707 ingenti
626 2650 789 2693 subiere
814 2652 978 2703 feretro,

79 2710 194 2754 triste
222 2712 512 2763 ministerium,
539 2722 580 2755 et
604 2713 833 2756 subiectam
856 2729 970 2756 more
994 2722 1211 2770 parentum

81 2773 215 2815 aversi
238 2779 406 2816 tenuere
430 2774 578 2817 facem.
604 2782 804 2832 congesta
827 2784 1060 2819 cremantur

1135 2850 1215 2885 134⁴·

1354 299 1438 342 195

1467 675 1532 706 190

1468 988 1533 1019 195

1467 1301 1533 1331 200

1469 1610 1535 1641 205

1470 1920 1534 1951 210

1469 2230 1536 2261 215

1471 2539 1537 2570 220
