1780 3074
577 319 836 357 AENEIDOS
855 320 953 356 LIB.
973 321 1003 357 1.

105 429 381 483 collectasque
405 426 526 482 fugat
549 425 682 468 nubes
708 425 920 480 solemque
944 425 1115 467 reducit.

106 490 340 548 Cymothoe
365 489 488 532 simul
512 494 554 530 et
577 487 725 530 Triton
748 488 926 530 adnixus
950 494 1072 530 acuto

103 553 328 596 detrudunt
349 567 478 594 naves
505 551 675 607 scopulo
683 567 695 603 ;
719 551 832 593 levat
854 551 945 607 ipse
969 550 1155 602 tridenti,

104 622 146 658 et
167 622 309 658 vastas
334 614 466 671 aperit
491 612 655 670 Syrtes,
682 619 723 655 et
746 619 949 670 temperat
972 627 1140 668 aequor,

103 683 227 732 atque
250 676 351 719 rotis
378 691 562 718 summas
585 675 748 717 levibus
771 675 999 731 perlabitur
1021 676 1169 718 undas.

103 754 153 781 ac
176 739 304 781 veluti
327 752 480 794 magno
503 738 548 779 in
569 737 726 808 populo
750 752 846 779 cum
871 752 996 793 saepe
1021 744 1163 780 coorta
1186 745 1250 780 est

103 801 270 852 seditio,
296 800 510 854 saevitque
540 799 689 840 animis
714 798 898 855 ignobile
922 799 1094 856 volgus3

102 864 267 918 iamque
291 862 405 904 faces
431 868 473 903 et
496 876 599 903 saxa
621 861 782 911 volant,
807 861 925 903 furor
947 877 1064 904 arma
1086 862 1311 914 ministrat3

102 933 208 976 tum,
232 924 385 981 pietate
408 937 581 980 gravem
605 938 655 965 ac
678 923 835 965 meritis
861 923 898 965 si
920 923 1026 966 forte
1050 924 1187 966 virum
1210 939 1336 979 quem

102 1000 375 1043 conspexere,
402 985 524 1028 silent
548 985 800 1040 arrectisque
825 985 995 1028 auribus
1020 986 1205 1038 adstant;

100 1050 169 1092 ille
192 1049 300 1106 regit
323 1049 444 1091 dictis
469 1048 630 1090 animos
656 1055 697 1090 et
719 1054 890 1104 pectora
912 1048 1086 1093 mulcet:

102 1113 163 1154 sic
186 1117 359 1154 cunctus
383 1110 522 1167 pelagi
547 1110 695 1152 cecidit
718 1110 874 1167 fragor,
900 1125 1082 1165 aequora
1104 1117 1328 1167 postquam

100 1174 356 1231 prospiciens
380 1173 543 1231 genitor
566 1172 764 1227 caeloque
787 1173 978 1216 invectus
1003 1180 1147 1230 aperto

100 1237 228 1279 flectit
251 1250 380 1291 equos
406 1250 611 1290 curruque
634 1235 782 1278 volans
806 1235 878 1278 dat
901 1236 990 1278 lora
1015 1237 1212 1280 secundo.

156 1298 333 1341 Defessi
354 1297 602 1348 Aeneadae,
628 1312 736 1352 quae
758 1298 951 1354 proxima
972 1299 1111 1350 litora,
1138 1314 1265 1342 cursu

103 1361 358 1404 contendunt
380 1366 520 1416 petere
545 1366 587 1402 et
609 1359 775 1417 Libyae
798 1367 1015 1403 vertuntur
1038 1362 1092 1404 ad
1116 1376 1224 1404 oras.

102 1431 166 1467 est
188 1424 232 1466 in
256 1438 425 1466 secessu
448 1423 574 1480 longo
597 1422 735 1465 locus:
757 1423 895 1465 insula
917 1429 1084 1479 portum

102 1486 231 1529 efficit
254 1486 420 1529 obiectu
443 1485 638 1536 laterum,
663 1484 816 1539 quibus
841 1485 976 1528 omnis
1001 1485 1054 1528 ab
1078 1486 1165 1529 alto

102 1548 306 1606 frangitur
328 1548 454 1602 inque
479 1548 593 1590 sinus
620 1547 771 1589 scindit
794 1562 887 1590 sese
910 1548 1024 1590 unda
1044 1550 1252 1593 reductos.

102 1611 198 1654 hinc
222 1617 346 1666 atque
369 1610 466 1653 hinc
490 1616 633 1653 vastae
656 1625 781 1666 rupes
805 1610 1044 1666 geminique
1068 1611 1279 1654 minantur

102 1675 145 1717 in
169 1674 332 1716 caelum
357 1673 536 1729 scopuli,
562 1687 740 1728 quorum
766 1672 844 1715 sub
869 1673 1023 1715 vertice
1046 1673 1130 1717 late

102 1752 282 1793 aequora
306 1743 395 1779 tuta
420 1737 559 1787 silent3
584 1742 674 1778 tum
699 1736 813 1778 silvis
839 1751 992 1779 scaena
1015 1738 1198 1780 coruscis

102 1801 282 1855 desuper
304 1799 569 1854 horrentique
593 1804 729 1841 atrum
751 1813 900 1842 nemus
924 1799 1098 1842 inminet
1121 1800 1289 1851 umbra;

102 1863 238 1904 fronte
263 1861 342 1904 sub
367 1862 544 1904 adversa
567 1861 748 1918 scopulis
772 1862 1051 1918 pendentibus
1077 1869 1254 1913 antrum,

102 1925 213 1966 intus
238 1938 370 1979 aquae
395 1923 539 1966 dulces
563 1923 744 1979 vivoque
769 1924 915 1966 sedilia
938 1940 1054 1976 saxo,

101 1986 390 2043 Nympharum
413 1986 576 2028 domus.
601 1986 669 2029 hic
692 1986 828 2029 fessas
852 2002 937 2029 non
959 1988 1126 2030 vincula
1149 2003 1278 2031 naves

101 2050 187 2092 ulla
210 2055 369 2100 tenent,
394 2064 503 2092 unco
527 2064 612 2092 non
635 2049 779 2107 alligat
802 2065 955 2092 ancora
978 2066 1134 2094 morsu.

103 2113 185 2155 huc
209 2118 367 2169 septem
390 2111 560 2155 Aeneas
585 2113 768 2155 collectis
793 2113 970 2156 navibus
996 2114 1109 2156 omni

104 2190 158 2217 cx
178 2190 351 2217 numero
376 2174 506 2226 subit3
531 2190 581 2217 ac
604 2191 759 2232 magno
783 2176 941 2220 telluris
966 2192 1106 2220 amore

104 2237 263 2294 egressi
286 2243 427 2292 optata
449 2237 664 2292 potiuntur
687 2238 820 2280 Troes
845 2254 973 2281 arena

105 2306 147 2342 et
170 2298 256 2341 sale
280 2298 458 2341 tabentis
483 2305 597 2342 artus
621 2300 666 2341 in
687 2300 807 2342 litore
830 2307 1006 2356 ponunt.

105 2375 155 2404 ac
177 2361 357 2417 primum
382 2361 487 2402 silici
510 2362 730 2404 scintillam
754 2363 921 2405 excudit
943 2363 1131 2406 Achates

107 2423 371 2478 suscepitque
394 2422 535 2479 ignem
559 2423 670 2465 foliis
694 2430 819 2478 atque
843 2425 958 2467 arida
982 2426 1138 2467 circum

106 2485 357 2527 nutrimenta
380 2484 494 2526 dedit
517 2485 735 2540 rapuitque
758 2485 802 2526 in
824 2486 969 2528 fomite
992 2487 1218 2529 flammam.

106 2554 196 2590 tum
220 2562 402 2590 cererem
426 2553 661 2603 corruptam
685 2547 808 2590 undis
834 2548 1090 2602 cerealiaque
1114 2563 1232 2591 arma

108 2609 332 2666 expediunt
355 2609 458 2651 fessi
480 2624 637 2660 rerum,
662 2609 888 2666 frugesque
911 2617 1099 2666 receptas

110 2679 151 2714 et
173 2678 326 2714 torrere
348 2678 496 2728 parant
519 2671 698 2714 flammis
723 2679 764 2713 et
787 2671 979 2728 stangere
1005 2687 1119 2715 saxo.

164 2732 334 2780 Aeneas
359 2734 577 2790 scopulum
600 2734 758 2776 interea
781 2734 1022 2777 conscendit
1045 2741 1086 2777 et
1109 2749 1274 2796 omnem

111 2803 375 2852 prospectum
398 2797 479 2838 late
502 2796 653 2853 pelago
676 2797 798 2853 petit,
823 2796 994 2840 Anthea
1017 2797 1052 2840 si
1076 2812 1201 2853 quem

1416 309 1470 352 93

1499 562 1563 593 145

1502 879 1566 910 150

1501 1191 1565 1224 155

1499 1504 1510 1532 l
1520 1504 1562 1533 60

1502 1815 1564 1845 165

1502 2127 1566 2157 170

1503 2439 1566 2468 175

1501 2747 1564 2780 180
