1794 3048
273 487 337 518 495

272 789 336 820 500

271 1095 337 1126 505

271 1401 335 1431 510

270 1707 333 1736 515

269 2011 333 2042 520

268 2318 332 2348 525

269 2623 333 2653 530

365 299 418 340 70
764 308 805 341 Ρ.
825 306 1054 342 VERGILII
1072 306 1298 344 MARONIS

362 411 456 452 hinc
478 407 735 451 laetis.vituli
757 407 880 461 volgo
904 406 1130 448 moriuntur
1150 407 1194 448 in
1216 408 1366 460 herbis,

361 480 402 515 et
424 470 554 513 dulcis
579 469 735 510 animas
758 468 880 522 plena
903 467 956 509 ad
977 468 1191 523 praesepia
1212 470 1399 512 reddunt.

360 534 455 575 hinc
479 530 648 573 canibus
671 529 831 570 blandis
855 527 989 570 rabies
1012 529 1124 570 venit
1147 535 1188 570 et
1211 531 1341 583 quatit
1364 546 1510 588 aegros

360 593 486 635 tussis
510 590 656 633 anhela
681 604 774 631 sues
800 603 847 630 ac
871 589 1060 631 faucibus
1085 591 1199 646 angit
1222 591 1372 633 obesis.

359 654 510 695 labitur
531 651 675 693 infelix
698 650 925 692 studiorum
949 656 1072 704 atque
1094 651 1295 694 inmemor
1317 652 1468 694 herbae

359 716 490 756 victor
513 728 641 768 equus
665 712 880 766 fontesque
904 713 1099 754 avertitur
1122 720 1162 755 et
1184 715 1289 769 pede
1313 721 1461 757 terram

361 776 503 818 erebra
526 775 637 825 ferit3
662 774 864 816 demissae
888 789 1027 824 aures,
1052 775 1229 817 incertus
1253 775 1406 817 ibidem

361 838 502 887 sudor,
528 843 567 879 et
590 837 657 878 ille
681 836 847 890 quidem
869 836 1074 877 morituris
1098 837 1291 892 frigidus3
1317 845 1402 878 aret

360 899 479 954 pellis
504 904 545 940 et
567 898 620 939 ad
644 904 797 938 tactum
821 897 1010 938 tractanti
1033 897 1136 939 dura
1157 898 1321 939 resistit.

360 960 463 1001 haee
486 965 580 1001 ante
604 959 773 1000 exitium
796 958 938 1013 primis
962 958 1062 999 dant
1086 958 1203 1014 signa
1226 958 1384 1001 diebus.

362 1022 425 1062 sin
448 1021 491 1062 in
512 1034 708 1076 processu
732 1019 864 1074 coepit
887 1019 1125 1061 crudescere
1147 1019 1327 1070 morbus,

361 1089 448 1123 tum
473 1095 569 1123 vero
593 1081 779 1122 ardentes
804 1080 911 1122 oculi
934 1086 1056 1134 atque
1080 1086 1273 1122 attractus
1298 1081 1350 1122 ab
1374 1082 1456 1123 alto

361 1143 544 1197 spiritus,
568 1142 771 1183 interdum
795 1141 951 1197 gemitu
973 1141 1130 1196 gravis,
1154 1141 1317 1195 imaque
1340 1142 1465 1198 longo

358 1204 428 1245 ilia
453 1203 634 1258 singultu
658 1203 846 1252 tendunt,
870 1202 903 1243 it
924 1201 1091 1243 naribus
1116 1208 1202 1243 ater

359 1264 527 1320 sanguis
553 1271 592 1305 et
616 1263 807 1306 obsessas
831 1263 972 1304 fauces
996 1263 1144 1317 premit
1167 1277 1312 1318 aspera
1334 1263 1488 1319 lingua.

358 1326 511 1382 profuit
533 1326 695 1367 inserto‘
709 1325 849 1366 latices
873 1324 1088 1366 infundere
1113 1338 1239 1365 cornu

358 1388 549 1429 Lenaeos
558 1402 569 1436 ;
594 1401 643 1427 ea
666 1386 755 1427 visa
779 1386 889 1427 salus
914 1385 1181 1427 morientibus
1205 1400 1299 1426 una.

358 1463 455 1489 mox
479 1453 565 1488 erat
587 1447 665 1488 hoc
688 1446 823 1501 ipsum
847 1446 989 1496 exitio,
1014 1445 1213 1500 furiisque
1235 1446 1378 1488 refecti

360 1507 556 1550 ardebant
579 1507 740 1562 ipsique
766 1521 862 1549 suos
885 1507 968 1548 iam
992 1512 1120 1548 morte
1145 1506 1222 1548 sub
1246 1522 1369 1562 aegra
1393 1533 1447 1538 —

361 1570 403 1610 di
426 1569 594 1610 meliora
616 1568 695 1623 piis
721 1582 979 1622 erroremque
1002 1567 1188 1610 hostibus
1211 1567 1345 1609 illum!
1372 1594 1425 1598 —

358 1630 553 1673 discissos
576 1630 696 1671 nudis
720 1628 930 1671 laniabant
953 1628 1142 1670 dentibus
1167 1634 1292 1670 artus.

357 1706 452 1734 ecce
475 1697 614 1733 autem
637 1691 739 1732 duro
762 1690 927 1732 fumans
953 1690 1030 1732 sub
1053 1704 1218 1732 vomere
1242 1697 1382 1732 taurus

358 1753 534 1795 concidit
558 1758 598 1794 et
620 1752 794 1793 mixtum
819 1752 975 1807 spumis
1000 1752 1127 1794 vomit
1150 1766 1219 1793 ore
1243 1766 1428 1794 eruorem

357 1820 644 1868 extremosque
669 1814 749 1855 ciet
770 1813 961 1869 gemitus.
986 1813 1019 1854 it
1041 1813 1166 1855 tristis
1191 1819 1337 1863 arator,

357 1880 606 1917 maerentem
629 1874 857 1929 abiungens
881 1874 1059 1915 fraterna
1081 1880 1211 1916 morte
1233 1875 1464 1925 iuvencum,

357 1942 479 1990 atque
503 1949 625 1990 opere
648 1935 691 1976 in
714 1935 849 1976 medio
873 1935 1008 1976 defixa
1029 1935 1220 1988 relinquit
1243 1941 1386 1977 aratra.

356 2012 438 2039 non
462 1996 630 2038 umbrae
654 1996 827 2038 altorum
850 2011 1081 2046 nemorum,
1105 2011 1189 2037 non
1210 1996 1348 2037 mollia
1370 2004 1544 2051 possunt

355 2066 472 2114 prata
494 2073 660 2100 movere
683 2058 885 2108 animum,
910 2072 994 2099 non
1017 2058 1088 2112 qui
1109 2072 1184 2112 per
1207 2073 1307 2099 saxa
1329 2058 1493 2100 volutus

355 2120 495 2176 purior
518 2120 667 2161 electro
691 2134 881 2174 campum
905 2119 1008 2174 petit
1031 2119 1182 2169 amnis3
1207 2124 1249 2160 at
1271 2119 1354 2160 ima

357 2182 570 2224 solvuntur
590 2181 719 2223 latera
744 2187 866 2234 atque
889 2180 1030 2222 oculos
1056 2186 1197 2235 stupor
1219 2186 1367 2235 urguet
1388 2180 1551 2230 inertes,

356 2243 409 2285 ad
432 2249 661 2297 terramque
685 2243 774 2283 fluit
797 2242 955 2284 devexo
977 2241 1158 2296 pondere
1181 2241 1331 2283 cervix.

357 2304 457 2358 quid
479 2303 595 2346 labor
617 2310 688 2346 aut
710 2303 927 2346 benefacta
950 2303 1117 2344 iuvant?
1140 2303 1239 2356 quid
1262 2318 1426 2345 vomere
1449 2309 1576 2346 terras

354 2365 570 2416 invertisse
592 2365 766 2421 graves?
789 2365 903 2418 atqui
926 2379 1010 2406 non
1031 2363 1216 2406 Massica
1238 2363 1394 2405 Bacchi

355 2441 541 2477 munera,
565 2442 649 2468 non
670 2427 750 2468 illis
775 2426 920 2481 epulae
943 2440 1118 2468 nocuere
1140 2431 1347 2480 repostae:

357 2487 568 2530 frondibus
593 2493 634 2529 et
655 2487 766 2529 victu
788 2493 1013 2542 pascuntur
1037 2486 1232 2542 simplicis
1255 2485 1417 2527 herbae.

356 2549 504 2604 pocula
527 2555 621 2591 sunt
643 2549 778 2591 fontes
801 2548 946 2602 liquidi
969 2554 1093 2602 atque
1117 2548 1295 2590 exercita
1318 2562 1440 2588 cursu

355 2610 540 2660 fiumina,
565 2624 642 2652 nee
665 2625 829 2652 somnos
854 2609 1059 2665 abrumpit
1082 2624 1180 2651 eura
1203 2607 1399 2650 salubres.

357 2677 539 2725 tempore
560 2686 642 2713 non
666 2672 746 2714 alio
769 2672 910 2713 dicunt
932 2670 1170 2727 regionibus
1193 2669 1273 2711 illis

357 2731 562 2786 quaesitas
587 2733 639 2773 ad
663 2747 779 2774 sacra
801 2732 928 2775 boves
952 2732 1123 2773 Iunonis
1148 2737 1188 2772 et
1210 2730 1293 2772 uris
