1820 3080
415 269 497 310 304
814 276 856 309 P.
876 274 1104 310 VERGILII
1123 272 1345 309 MARONIS

410 392 485 418 nec
508 391 675 417 numero
699 389 773 415 nec
797 375 950 415 honore
975 380 1173 423 cremant3
1199 380 1293 414 tune
1319 374 1496 428 undique
1520 376 1624 416 vasti

411 438 592 479 certatim
617 435 767 476 crebris
793 435 1007 475 conlucent
1029 434 1193 489 ignibus
1218 435 1318 489 agri.

322 512 386 541 210
410 498 526 539 tertia
548 496 620 537 lux
643 495 821 550 gelidam
845 495 957 536 caelo
981 495 1207 536 dimoverat
1230 495 1433 536 umbram:

408 563 632 598 maerentes
657 555 783 597 altum
807 555 983 596 cinerem
1007 561 1047 596 et
1070 555 1242 597 confusa
1263 555 1436 597 mebant

408 633 502 660 ossa
526 617 647 666 focis,
674 617 891 671 tepidoque
917 615 1139 657 onerabant
1163 631 1313 671 aggere
1337 623 1477 658 terrae.

406 679 488 719 iam
511 691 606 718 vero
631 677 674 717 in
698 677 833 726 tectis,
858 677 1094 731 praedivitis
1118 676 1218 718 urbe
1241 677 1394 726 Latini,

405 738 646 792 praecipuus
671 737 810 793 fragor
833 744 874 779 et
896 738 1009 793 longi
1032 752 1126 792 pars
1151 738 1330 779 maxima
1351 738 1499 780 luctus.

319 813 382 842 ‘215
406 799 472 840 hic
496 805 645 840 matres
670 798 924 852 miseraeque
947 813 1092 848 nurus,
1117 798 1183 840 hic
1207 813 1301 840 cara
1325 814 1507 840 sororum

404 865 569 914 pectora
591 865 860 908 maerentum,
886 859 1081 913 puerique
1104 859 1340 914 parentibus
1365 859 1452 901 orbi

406 921 540 961 dirum
564 926 827 962 exsecrantur
851 919 1003 961 bellum
1027 920 1236 974 Turnique
1260 921 1525 976 hymenaeos;

404 982 539 1035 ipsum
563 981 704 1030 armis,
730 981 947 1035 ipsumque
970 980 1112 1022 iubent
1135 981 1352 1022 decernere
1376 981 1496 1031 ferro,

404 1042 475 1095 qui
498 1056 669 1097 regnum
692 1042 835 1082 Italiae
860 1048 900 1082 et
922 1042 1075 1096 primos
1101 1041 1179 1083 sibi
1202 1049 1345 1096 poscat
1369 1042 1556 1083 honores.

317 1116 381 1146 220
405 1104 592 1158 ingravat
614 1103 715 1144 haec
739 1117 886 1144 saevus
910 1103 1117 1151 Drances,
1144 1103 1356 1156 solumque
1380 1102 1517 1144 vocari

406 1171 592 1213 testatur,
619 1163 751 1205 solum
774 1163 889 1217 posci
911 1163 956 1204 in
978 1163 1199 1204 certamina
1222 1163 1420 1204 Turnum.

404 1225 532 1265 multa
557 1224 678 1265 simul
701 1231 840 1265 contra
863 1224 985 1265 variis
1011 1224 1211 1265 sententia
1235 1224 1352 1265 dictis

404 1301 477 1340 pro
502 1286 660 1335 Turno,
686 1293 727 1326 et
749 1300 945 1340 magnum
967 1285 1131 1340 reginae
1154 1299 1304 1326 nomen
1327 1285 1560 1336 obumbrat3

405 1347 533 1387 multa
555 1346 687 1387 virum
711 1347 864 1387 meritis
890 1351 1092 1387 sustentat
1113 1345 1226 1386 fama
1248 1345 1437 1400 tropaeis.

317 1420 380 1450 225
461 1407 552 1447 Hos
577 1406 681 1447 inter
704 1414 856 1456 motus,
883 1406 1016 1447 medio
1040 1406 1084 1446 in
1105 1406 1302 1461 flagrante
1326 1406 1514 1456 tumultu,

405 1482 498 1508 ecce
524 1481 646 1521 super
667 1467 814 1508 maesti
836 1481 987 1522 magna
1009 1466 1226 1509 Diomedis
1251 1466 1302 1508 ab
1326 1466 1426 1508 urbe

403 1529 527 1584 legati
550 1543 747 1583 responsa
770 1527 923 1570 ferunt:
948 1528 1048 1569 nihil
1072 1528 1261 1570 omnibus
1286 1534 1421 1570 actum

404 1595 606 1630 tantorum
629 1589 811 1644 inpensis
836 1603 1023 1644 operum,
1048 1589 1105 1630 nil
1129 1589 1236 1631 dona
1258 1603 1391 1642 neque
1415 1604 1558 1630 aurum

403 1664 479 1691 nec
501 1665 672 1705 magnas
696 1650 874 1692 valuisse
897 1664 1057 1705 preces,
1082 1650 1162 1692 alia
1185 1665 1297 1691 arma
1318 1650 1480 1691 Latinis

316 1724 379 1753 230
404 1712 634 1764 quaerenda
657 1716 727 1752 aut
750 1725 894 1766 pacem
918 1711 1098 1752 Troiano
1123 1711 1174 1753 ab
1197 1726 1295 1767 rege
1318 1712 1550 1766 petendum.

403 1772 539 1812 deficit
567 1772 722 1827 ingenti
744 1772 857 1813 luctu
880 1787 952 1813 rex
974 1773 1063 1827 ipse
1086 1773 1276 1814 Latinus.

403 1832 569 1873 fatalem
593 1832 766 1873 Aenean
789 1833 1007 1874 manifesto
1031 1834 1197 1875 numine
1220 1833 1318 1874 ferri

403 1894 593 1934 admonet
617 1893 677 1934 ira
699 1893 822 1934 deum
846 1893 1070 1947 tumulique
1095 1900 1189 1935 ante
1213 1909 1285 1935 ora
1306 1900 1502 1935 recentes.

403 1968 500 2009 ergo
525 1953 739 1995 concilium
761 1968 958 2009 magnum
979 1954 1213 2008 primosque
1238 1969 1405 1995 suorum

316 2026 378 2057 235
396 2013 572 2068 imperio
596 2014 746 2054 accitos
771 2013 853 2054 alta
875 2013 982 2055 intra
1003 2013 1145 2055 limina
1168 2014 1290 2069 cogit.

403 2074 473 2115 olli
496 2088 739 2123 convenere,
764 2074 974 2127 fluuntque
999 2074 1052 2115 ad
1073 2074 1188 2130 regia
1210 2074 1340 2129 plenis

404 2141 510 2176 tecta
532 2135 622 2176 viis.
649 2135 765 2176 sedet
786 2135 829 2175 in
852 2135 996 2176 mediis
1022 2140 1062 2176 et
1085 2136 1288 2176 maximus
1312 2149 1413 2176 aevo

403 2201 443 2236 et
465 2195 620 2250 primus
646 2195 815 2250 sceptris
838 2195 950 2236 haud
972 2195 1079 2237 laeta
1102 2196 1234 2237 fronte
1257 2196 1445 2237 Latinus.

402 2262 523 2309 atque
548 2255 614 2296 hic
636 2255 793 2311 legatos
816 2254 967 2297 Aetola
990 2270 1042 2297 ex
1065 2255 1166 2298 urbe
1189 2256 1396 2306 remissos,

315 2331 379 2361 240
402 2331 506 2370 quae
530 2316 724 2367 referant,
749 2316 828 2358 fari
850 2316 982 2367 iubet,
1008 2323 1048 2359 et
1070 2332 1266 2372 responsa
1288 2318 1465 2373 reposcit

403 2378 542 2420 ordine
567 2383 713 2419 cuncta
737 2392 823 2420 suo.
849 2384 937 2419 tum
960 2378 1070 2420 facta
1093 2378 1253 2419 silentia
1275 2378 1439 2434 linguis,

403 2445 443 2479 et
466 2437 652 2480 Venulus
677 2439 785 2480 dicto
808 2453 956 2493 parens
981 2439 1038 2480 ita
1060 2439 1184 2480 farier
1205 2439 1312 2480 infit:

459 2499 694 2551 „Vidimus,
720 2514 744 2541 ο
768 2500 897 2550 cives,
921 2499 1170 2541 Diomedem
1192 2498 1432 2556 Argivaque
1456 2510 1598 2548 castra,

403 2566 524 2614 atque
548 2561 623 2601 iter
647 2560 802 2602 emensi
825 2575 945 2602 casus
970 2561 1252 2616 superavimus
1278 2561 1422 2609 omnis,

316 2634 378 2663 ‘245
403 2621 727 2676 contigimusque
751 2636 936 2671 manum,
961 2635 1042 2675 qua
1065 2622 1240 2663 concidit
1262 2621 1340 2662 Ilia
1363 2620 1493 2662 tellus.

402 2681 469 2722 ille
492 2681 634 2722 urbem
658 2681 907 2736 Argyripam
930 2683 1083 2736 patriae
1109 2682 1348 2738 cognomine
1371 2681 1504 2736 gentis
