1794 3048
305 659 346 688 30

303 962 343 992 35

300 1266 341 1295 40

298 1570 339 1599 45

297 1874 338 1904 50

296 2177 336 2207 55

295 2482 336 2512 60

373 293 427 334 58
772 301 815 335 P.
834 298 1062 335 VERGILII
1079 298 1303 338 MARONIS

371 403 413 444 in
437 402 591 443 foribus
615 415 796 455 pugnam
820 414 871 441 ex
895 414 993 441 auro
1018 400 1228 454 solidoque
1251 402 1464 457 elephanto

373 462 652 518 Gangaridum
677 461 826 502 faciam
849 460 1094 514 victorisque
1118 477 1231 503 arma
1255 462 1427 515 Quirini,

371 530 491 576 atque
515 523 580 563 hic
603 522 825 562 undantem
849 520 957 562 bello
981 536 1256 577 magnumque
1280 524 1471 566 fluentem

369 585 507 625 Nilum
531 597 579 624 ac
602 582 737 623 navali
761 582 963 637 surgentis
988 597 1080 623 aere
1104 583 1326 625 columnas.

371 645 518 686 addam
542 643 663 685 urbes
687 642 817 684 Asiae
841 643 1014 685 domitas
1037 643 1282 698 pulsumque
1305 645 1521 700 Niphaten,

369 706 642 758 fidentemque
664 704 766 759 fuga
788 703 987 745 Parthum
1010 705 1221 758 versisque
1246 707 1416 761 sagittis,

370 773 410 807 et
432 766 518 807 duo,
537 771 652 819 rapta
675 780 799 806 manu
822 765 983 807 diverso
1007 780 1057 806 ex
1080 766 1197 807 hoste
1220 772 1386 821 tropaea

369 826 514 879 bisque
538 826 806 880 triumphatas
829 831 1001 879 utroque
1025 826 1076 868 ab
1100 827 1216 869 litore
1239 835 1394 883 gentes.

370 887 536 928 stabunt
560 893 598 927 et
622 886 734 927 Parii
757 886 932 941 lapides,
959 887 1153 941 spirantia
1177 888 1306 943 signa,

367 947 564 989 Assaraci
586 947 721 1002 proles
746 948 1028 1002 demissaeque
1052 949 1104 990 ab
1128 949 1227 990 Iove
1250 950 1383 1004 gentis

366 1009 549 1058 nomina,
575 1009 762 1062 Trosque
785 1023 932 1063 parens
957 1015 998 1050 et
1021 1009 1168 1051 Troiae
1194 1010 1395 1065 Cynthius
1420 1018 1570 1054 auctor.

366 1070 520 1111 invidia
543 1069 686 1110 infelix
708 1070 854 1111 Furias
879 1085 1122 1124 amnemque
1147 1085 1334 1112 severum

369 1130 517 1186 Cocyti
542 1137 695 1172 metuet
718 1136 926 1184 tortosque
949 1131 1105 1173 Ixionis
1129 1133 1275 1188 anguis

365 1192 651 1245 inmanemque
673 1197 804 1232 rotam
828 1198 868 1233 et
890 1206 973 1233 non
997 1193 1278 1248 exsuperabile
1303 1209 1460 1235 saxum.

364 1253 517 1294 interea
540 1253 757 1307 Dryadum
782 1253 905 1294 silvas
931 1253 1141 1307 saltusque
1166 1268 1385 1308 sequamur

363 1314 554 1364 intactos,
579 1320 667 1363 tua,
692 1313 933 1364 Maecenas,
958 1314 1069 1355 haud
1091 1315 1230 1356 mollia
1251 1315 1376 1357 iussa.

365 1383 403 1415 te
428 1375 515 1416 sine
538 1374 595 1415 nil
619 1375 745 1416 altum
768 1389 883 1417 mens
908 1375 1084 1417 inchoat.
1110 1390 1162 1416 en
1185 1391 1280 1432 age,
1308 1378 1446 1432 segnis

364 1450 505 1490 rumpe
529 1450 681 1486 moras3
706 1442 824 1477 vocat
846 1436 1001 1491 ingenti
1024 1436 1199 1478 clamore
1225 1436 1445 1479 Cithaeron

365 1496 620 1551 Taygetique
644 1511 765 1538 canes
789 1497 1060 1550 domitrixque
1082 1497 1317 1552 Epidaurus
1342 1513 1550 1552 equorum,

364 1563 403 1597 et
426 1572 507 1598 vox
530 1558 707 1599 adsensu
730 1572 941 1599 nemorum
963 1558 1213 1613 ingeminata
1234 1560 1423 1614 remugit,

363 1633 459 1659 mox
482 1625 619 1660 tamen
642 1619 828 1661 ardentes
853 1619 1044 1675 accingar
1067 1620 1200 1661 dicere
1223 1635 1385 1675 pugnas

365 1679 553 1722 Caesaris
579 1686 618 1722 et
640 1696 790 1722 nomen
813 1681 924 1722 fama
948 1686 1007 1722 tot
1030 1681 1135 1722 ferre
1158 1696 1232 1736 per
1255 1697 1396 1732 annos,

364 1741 530 1782 Tithoni
552 1741 684 1796 prima
706 1748 806 1795 quot
829 1741 946 1784 abest
969 1741 1021 1784 ab
1047 1742 1203 1797 origine
1229 1741 1395 1784 Caesar.

420 1800 505 1843 Seu
528 1803 638 1855 quis,
665 1801 934 1857 Olympiacae
956 1803 1125 1844 miratus
1148 1804 1328 1859 praemia
1350 1804 1522 1858 palmae,

362 1862 493 1916 pascit
516 1877 663 1915 equos,
689 1877 763 1903 seu
785 1863 876 1916 quis
902 1863 1016 1905 fortis
1041 1864 1095 1904 ad
1117 1870 1250 1906 aratra
1271 1865 1478 1915 iuvencos,

362 1937 532 1977 corpora
553 1923 772 1978 praecipue
795 1929 972 1964 matrum
994 1924 1116 1979 legat.
1142 1925 1295 1979 optima
1319 1930 1457 1966 torvae

363 1983 493 2025 forma
516 1983 652 2034 bovis,
678 1984 745 2025 cui
768 1990 884 2039 turpe
909 1990 1048 2039 caput,
1074 1985 1140 2026 cui
1162 1985 1338 2040 plurima
1361 1986 1509 2036 cervix,

361 2050 401 2085 et
425 2059 586 2086 crurum
609 2051 726 2087 tenus
752 2061 776 2087 a
798 2052 935 2087 mento
957 2046 1137 2101 palearia
1158 2046 1338 2101 pendent
1345 2063 1356 2096 3

361 2114 448 2146 tum
470 2105 594 2161 longo
618 2107 756 2148 nullus
780 2107 897 2147 lateri
919 2107 1087 2148 modus:
1113 2107 1248 2149 omnia
1270 2122 1433 2162 magna,

359 2180 432 2221 pes
457 2166 579 2207 etiam
603 2172 643 2207 et
666 2168 842 2209 camuris
866 2167 996 2208 hirtae
1021 2167 1097 2209 sub
1122 2167 1311 2209 cornibus
1336 2182 1465 2210 aures.

362 2241 435 2269 nec
457 2228 557 2268 mihi
580 2228 794 2282 displiceat
816 2229 986 2270 maculis
1010 2229 1184 2284 insignis
1209 2235 1250 2270 et
1273 2229 1381 2279 albo,

361 2295 430 2331 aut
451 2289 549 2345 iuga
572 2291 819 2340 detrectans,
844 2291 1130 2345 interdumque
1154 2305 1299 2345 aspera
1322 2305 1459 2340 cornu,

361 2357 401 2392 et
423 2350 571 2391 faciem
595 2357 708 2393 tauro
732 2351 913 2406 propior,
939 2366 1125 2406 quaeque
1149 2352 1276 2393 ardua
1298 2357 1394 2401 tota,

360 2417 400 2452 et
422 2411 612 2467 gradiens
635 2412 719 2453 ima
741 2412 866 2454 verrit
889 2413 1063 2468 vestigia
1089 2413 1231 2454 cauda.

360 2478 471 2514 aetas
494 2473 699 2514 Lucinam
721 2473 933 2527 iustosque
955 2474 1042 2528 pati
1063 2474 1311 2528 hymenaeos

361 2533 507 2574 desinit
531 2542 623 2574 ante
648 2535 808 2584 decem,
831 2540 926 2589 post
949 2541 1138 2589 quattuor
1160 2534 1301 2589 incipit
1323 2547 1469 2582 annos3

361 2600 494 2634 cetera
516 2609 592 2635 nec
615 2595 771 2636 feturae
794 2595 961 2645 habilis,
986 2610 1062 2637 nec
1086 2595 1201 2637 fortis
1226 2594 1380 2635 aratris.

361 2654 531 2703 interea,
557 2663 721 2709 superat
743 2656 939 2711 gregibus
963 2656 1061 2697 dum
1085 2656 1191 2697 laeta
1213 2655 1411 2703 iuventas,
1460 2672 1462 2675 ยน

363 2714 474 2755 solve
497 2730 629 2756 mares
637 2732 648 2765 3
673 2717 787 2757 mitte
811 2718 853 2757 in
876 2716 1079 2758 Venerem
1102 2715 1292 2770 pecuaria
1313 2714 1481 2768 primus,
