1748 3048
325 317 356 346 X
361 318 376 346 1
383 318 398 346 I
884 314 1091 340 PRAEFATIO

324 413 450 447 iuncta
461 415 583 446 autem
602 413 682 444 erat
694 408 845 443 castitas
864 408 1044 452 quaedam
1064 417 1237 441 sensuum
1249 407 1439 452 aptissima
1453 407 1500 442 ad
1513 410 1654 442 mentes

324 461 470 497 honesti
493 470 615 495 amore
638 458 843 503 implendas
867 457 1092 501 aculeosque
1115 455 1260 491 virtutis
1285 457 1511 492 excitandos.
1567 457 1654 501 Ipse

323 511 406 557 pius
417 510 564 545 Aeneas
576 518 774 552 numquam
785 517 859 540 non
871 505 979 540 fortis
996 506 1159 550 prudens
1172 513 1210 540 et
1221 506 1406 541 animosus
1419 508 1574 551 adparet
1584 506 1656 541 nisi

324 561 389 596 ubi
402 559 575 595 divinitus
593 557 733 602 aliquid
754 556 905 590 missum
926 555 1153 600 suspicatur3
1177 566 1250 601 quo
1264 556 1365 591 facto
1385 556 1532 591 timidus
1544 560 1582 591 et
1593 557 1656 591 ab-

323 610 441 645 iectus
459 607 574 642 videri
595 610 737 651 potest,
761 605 800 640 id
824 605 924 650 quod
946 604 1100 640 maxime
1125 616 1252 640 ansam
1269 605 1416 640 dedisse
1432 605 1594 649 videtur,
1618 609 1659 639 ut

325 662 449 694 essent
472 657 535 702 qui
551 666 684 700 poema
703 656 775 689 hoc
792 655 830 689 in
847 654 1041 689 ridiculum
1061 655 1281 700 detorquere
1302 659 1533 690 conarentur.
1578 655 1659 690 Nec

323 708 412 742 vitio
431 706 610 741 vertenda
627 704 719 750 fuga
729 704 973 749 Karthaginis
992 709 1030 739 et
1048 704 1223 750 segnities
1236 705 1418 750 quaedam
1428 716 1474 739 ac
1485 704 1659 750 tergiver-

324 757 435 800 satim
460 758 559 790 certe
576 754 790 798 videndum,
815 765 862 788 ne
876 754 973 789 idem
996 754 1034 788 in
1048 754 1204 799 Moysen
1218 758 1255 789 et
1266 754 1514 789 Abrahamum
1539 754 1658 789 cadat.

322 805 482 841 Pulchre
506 814 594 839 vero
626 803 774 838 additae
807 804 959 838 comites
990 808 1076 838 sunt
1103 803 1288 839 Anchisae
1313 807 1484 839 senectus
1509 805 1660 839 deorum

325 853 541 891 commercio
554 853 626 888 iam
638 853 792 898 propior
803 857 841 887 et
853 853 972 887 dulcis
984 853 1056 887 Iuli
1068 855 1248 888 iuventas.
1296 853 1393 895 Quid
1405 857 1528 888 autem
1541 854 1660 888 dicam

325 906 370 940 de
383 903 522 949 insigni
544 914 667 937 rerum
683 902 863 937 varietate
883 905 920 937 et
937 902 1079 948 ingenti
1098 902 1334 938 historiarum
1352 907 1390 937 et
1406 903 1571 937 locorum
1587 914 1660 937 me-

323 953 464 989 moria?
509 953 604 988 Nam
622 955 771 996 praeter
784 951 920 986 Troiae
940 951 1121 986 excidium
1132 952 1448 998 Karthaginisque
1461 951 1662 997 primordia

325 1009 362 1040 ct
379 1003 715 1049 antiquissimarum
726 1003 904 1037 Italarum
915 1014 1036 1037 rerum
1053 1003 1347 1038 recordationem
1359 1003 1528 1038 infelices
1540 1002 1662 1036 Didus

325 1065 487 1096 amores,
513 1052 630 1087 Turni
653 1052 811 1096 ferocia,
835 1052 1018 1087 Pallantis
1038 1056 1076 1087 et
1094 1051 1269 1087 Camillae
1293 1056 1527 1097 praematura
1549 1063 1660 1096 mors,

324 1106 445 1139 luctus
463 1102 628 1138 Euandri
652 1106 689 1137 et
705 1103 900 1146 Iuturnae,
924 1102 1102 1147 Polydori
1127 1106 1165 1138 et
1182 1102 1464 1138 Andromachae
1487 1102 1583 1147 fata,
1610 1102 1662 1136 di-

325 1165 451 1189 vorum
475 1152 633 1188 concilia
655 1152 847 1197 rixaeque,
872 1152 967 1187 antri
993 1151 1142 1187 Cumaei
1165 1152 1355 1198 ipsiusque
1381 1152 1468 1187 Orci
1491 1156 1660 1195 terrores,

323 1204 494 1238 itinerum
523 1206 563 1237 et
589 1202 813 1247 proeliorum
836 1202 927 1236 varii
957 1213 1081 1246 casus,
1107 1206 1367 1247 tempestatum
1396 1202 1468 1246 vis,
1493 1203 1663 1237 ludorum

325 1258 363 1288 et
387 1263 583 1288 coenarum
605 1251 693 1287 laeti
723 1252 942 1296 adparatus,
973 1252 1228 1297 exsequiarum
1261 1252 1427 1296 tristitia,
1460 1251 1663 1298 Cyclopum

324 1302 551 1346 immanitas,
577 1301 656 1336 fata
679 1300 825 1336 futurae
844 1301 1107 1347 magnitudinis
1125 1302 1315 1337 Romanae
1339 1302 1540 1337 identidem
1562 1313 1662 1336 mon-

326 1356 443 1387 strata
455 1355 493 1387 et
505 1351 736 1386 ornatissime
750 1351 937 1396 exposita,
964 1352 1131 1396 episodia
1142 1352 1301 1396 plurima
1313 1351 1501 1396 aptissime
1513 1351 1610 1386 inter
1623 1362 1662 1386 se

326 1402 529 1446 composita
553 1405 591 1436 et
615 1401 809 1436 commixta
832 1405 927 1436 sunt.
976 1402 1117 1443 Quibus
1143 1403 1290 1437 accedit
1307 1402 1463 1448 insignis
1482 1402 1663 1447 quaedam

325 1464 385 1486 ars
399 1452 596 1496 decorque,
611 1461 684 1496 quo
699 1451 822 1486 omnia
835 1462 1086 1497 quaecumque
1101 1452 1200 1486 fiunt
1211 1456 1448 1497 peraguntur.
1485 1451 1596 1486 Cuius
1609 1451 1663 1485 rei

324 1502 395 1536 iam
409 1513 431 1536 a
444 1500 629 1535 veteribus
642 1500 852 1535 intellectae
867 1512 978 1546 quum
990 1501 1146 1546 plurima
1159 1502 1327 1546 exempla
1345 1500 1515 1546 diligenti
1532 1501 1661 1535 lectori

323 1551 421 1584 ultro
436 1561 517 1584 sese
531 1549 687 1584 offerant
699 1561 851 1585 necesse
866 1550 924 1594 sit,
939 1549 1114 1585 Camillae
1127 1555 1270 1586 tantum
1282 1550 1504 1585 mentionem
1516 1550 1662 1593 faciam,

326 1610 435 1644 quam
458 1602 587 1643 utpote
599 1610 622 1633 a
635 1599 738 1633 cunis
750 1599 896 1634 Dianae
921 1610 1063 1634 sacram
1076 1611 1098 1634 a
1115 1600 1260 1635 nemine
1278 1600 1350 1634 nisi
1362 1611 1385 1634 a
1399 1600 1592 1634 sacerdote
1610 1599 1663 1633 in-

324 1647 442 1683 terfici
454 1659 522 1692 par
534 1651 623 1682 erat.
669 1647 840 1693 Denique
853 1659 899 1683 ne
912 1649 1023 1684 hodie
1038 1649 1185 1694 quidem
1199 1653 1266 1693 est,
1282 1660 1346 1683 cur
1358 1660 1381 1684 a
1392 1648 1557 1683 Domitio
1570 1647 1663 1682 Afro

326 1697 581 1740 dissideamus,
595 1697 658 1741 qui
666 1697 915 1738 Quinctiliano
929 1697 1184 1743 interroganti,
1199 1709 1307 1743 quem
1321 1698 1483 1733 Homero
1498 1698 1666 1733 crederet

325 1746 477 1780 maxime
501 1746 696 1789 accedere,
727 1748 907 1788 secundus,
931 1746 1066 1792 inquit,
1096 1754 1143 1781 est
1173 1748 1354 1792 Ver-filius,
1378 1749 1525 1792 propior
1555 1753 1665 1781 tamen

323 1796 433 1841 primo
447 1806 548 1840 quam
561 1796 655 1828 tertio
669 1795 830 1841 (Quinct.
844 1795 892 1839 X,
907 1796 939 1839 1,
953 1797 1027 1839 86).

394 1844 497 1885 Quae
510 1847 704 1888 praeterea
716 1844 883 1889 Vergilio
899 1855 1012 1889 opera
1025 1845 1137 1880 tribui
1150 1847 1288 1891 solent,
1304 1847 1348 1881 de
1361 1846 1419 1880 his
1432 1846 1529 1880 infra
1542 1845 1664 1890 dispu-

327 1893 430 1928 tandi
442 1894 548 1938 locus
563 1893 643 1928 erit,

394 1944 424 1986 §-
443 1943 475 1978 7.
509 1943 810 1987 Reprehensores
839 1943 911 1978 iam
941 1944 1206 1990 antiquissimis
1235 1946 1465 1990 temporibus
1493 1944 1661 1990 Vergilio

326 1993 441 2028 fuisse
465 1992 670 2027 mirandum
693 2004 769 2028 non
792 1997 867 2038 est3
896 1994 989 2028 illud
1013 2005 1102 2029 sane
1125 1995 1282 2039 mireris,
1315 2006 1425 2040 quum
1447 1995 1563 2029 multa
1585 1995 1663 2029 iure

325 2042 527 2087 vituperari
550 2042 711 2087 possint,
736 2043 860 2087 potius
886 2054 980 2089 quae
1006 2044 1174 2079 excusari
1186 2045 1333 2090 possint
1350 2048 1415 2079 aut
1439 2055 1533 2090 quae
1551 2044 1662 2079 nimis

326 2092 436 2127 exilia
449 2095 487 2127 et
499 2092 624 2127 tenuia
635 2092 744 2127 nobis
755 2093 969 2137 videantur,
993 2098 1035 2127 ut
1046 2098 1278 2140 κακέμφατον
1297 2094 1398 2139 quod
1416 2094 1546 2128 volunt
1563 2093 1663 2127 istud

325 2142 458 2176 Dorica
475 2148 589 2176 castra
606 2145 645 2177 et
661 2143 791 2187 ayitata
806 2148 985 2177 tumescere
1004 2146 1191 2188 tamquam
1210 2144 1419 2187 obscenum,
1438 2144 1664 2188 reprehensa

326 2201 419 2226 esse.
464 2190 523 2226 De
536 2191 594 2225 his
607 2191 747 2226 monuit
760 2192 981 2237 aliquotiens
996 2192 1265 2233 Quinctilianus
1275 2219 1284 2237 ,
1308 2192 1484 2227 Favorini
1498 2192 1662 2226 crimina-

326 2240 463 2275 tionem
478 2241 661 2285 quandam
672 2242 768 2276 bene
782 2242 920 2277 refellit
931 2242 1100 2287 Heynius
1113 2242 1151 2276 in
1163 2242 1251 2277 Exc.
1264 2243 1348 2279 XV.
1361 2243 1384 2277 l.
1398 2243 1465 2276 III.
1478 2242 1528 2276 M.
1541 2245 1662 2277 autem

325 2289 525 2334 Vipsanius
534 2316 543 2334 ,
567 2291 623 2324 vir
634 2302 789 2336 magnus
805 2291 1010 2336 ceteroqui,
1036 2292 1241 2336 Vergilium
1254 2292 1472 2336 appellabat
1484 2302 1507 2326 a
1518 2291 1662 2326 Maece-

325 2343 412 2374 nate
427 2340 657 2384 suppositum
667 2351 786 2375 novae
800 2340 1006 2383 κακοζηλίας
1018 2345 1242 2386 repertorem
1251 2368 1260 2386 ‚
1279 2352 1354 2376 non
1367 2341 1528 2377 tumidae
1541 2352 1662 2387 neque

326 2388 448 2429 exilis,
475 2389 540 2423 sed
565 2401 610 2423 ex
634 2390 887 2425 communibus
911 2390 1080 2424 nimirum
1103 2391 1227 2425 verbis
1258 2395 1369 2436 atque
1393 2391 1477 2426 ideo
1501 2391 1661 2425 labentis

326 2437 476 2482 (Donat.
490 2440 520 2481 ἓ.
534 2439 615 2484 62).
662 2439 804 2480 Quibus
822 2439 945 2474 verbis
962 2451 1037 2475 non
1050 2440 1293 2476 dubitandum
1311 2443 1369 2476 est
1381 2440 1470 2486 quin
1486 2443 1662 2485 tangatur

326 2488 531 2532 aequabilis
555 2492 594 2523 et
617 2493 792 2524 constans
823 2489 1038 2534 simplicitas
1066 2491 1263 2525 verborum
1287 2495 1325 2526 et
1348 2489 1661 2525 constructionum

329 2535 472 2571 Graeco
494 2538 641 2582 quidem
660 2539 705 2573 de
723 2538 827 2574 fonte
842 2540 1085 2584 detortarum‚
1111 2552 1220 2586 quam
1232 2540 1270 2575 in
1281 2540 1447 2585 Vergilio
1462 2539 1659 2574 observare

327 2585 425 2619 licet.
472 2586 552 2627 Quo
571 2587 610 2622 in
627 2599 763 2633 genere
782 2592 925 2623 tantum
949 2590 1168 2634 excipienda
1187 2601 1283 2635 quae
1308 2593 1482 2633 corrupta
1500 2593 1566 2623 aut
1583 2599 1656 2623 non

328 2635 417 2669 satis
430 2635 623 2672 elaborata
635 2642 729 2673 sunt.
747 2637 870 2684 Atque
885 2640 930 2674 de
944 2639 1251 2685 syntaxiVergilii
1263 2650 1446 2684 exponere
1460 2642 1496 2673 et
1508 2639 1659 2684 longum

327 2689 385 2720 est
396 2689 434 2720 et
444 2687 607 2730 providit
618 2689 773 2723 maxima
786 2701 830 2723 ex
841 2694 946 2734 parte
961 2690 1153 2735 diligentia
1164 2690 1362 2735 Wagneri3
1376 2689 1550 2735 quocirca
1561 2689 1599 2723 in
1612 2687 1657 2723 iis

329 2735 587 2781 subsistemus,
611 2737 650 2771 in
672 2738 807 2781 quibus
830 2739 1004 2774 maiorem
1029 2740 1237 2774 libertatem
1261 2739 1330 2773 sibi
1355 2739 1555 2783 sumpsisse
1575 2749 1655 2773 cen·
