1820 3080
352 257 434 299 280
752 261 794 295 P.
813 257 1044 295 VERGILII
1061 254 1285 291 MARONIS

353 363 599 412 transierim,
626 361 780 415 Cinyra
803 365 843 400 et
864 357 1006 412 paucis
1031 356 1220 398 comitate
1245 354 1430 409 Cupavo,

353 426 468 467 cuius
493 423 669 465 olorinae
693 425 865 475 surgimt
888 419 939 459 de
962 418 1112 459 vertice
1139 430 1316 471 pennae:

353 486 505 528 crimen
527 497 641 524 amor
662 487 861 529 vestrum,
886 479 1122 531 formaeque
1145 477 1304 532 insigne
1328 481 1531 531 paternae.

352 559 528 598 namque
550 544 686 584 ferunt
707 541 821 582 luctu
845 539 1033 594 Cycnum
1055 538 1323 580 Phaethontis
1348 537 1482 586 amati,

268 621 330 651 190
354 605 549 661 populeas
572 604 677 644 inter
700 601 864 643 frondes
887 600 1155 653 umbramque
1180 613 1364 641 sororum

354 668 452 707 dum
476 664 584 706 canit
606 669 647 705 et
669 668 872 703 maestum
894 676 1014 702 musa
1038 660 1191 702 solatur
1213 674 1405 709 amorem,

355 731 567 767 canentem
589 723 702 765 molli
723 722 864 777 pluma
887 721 1053 762 duxisse
1078 726 1296 770 senectam,

355 787 604 840 linquentem
629 790 756 825 terras
781 789 821 824 et
845 782 979 823 sidera
1001 796 1101 822 voce
1126 787 1375 835 sequentem.

355 847 482 896 filius,
508 845 688 899 aequalis
714 843 929 885 comitatus
955 843 1086 883 classe
1111 848 1308 891 catervas,

272 922 332 952 195
356 908 564 963 ingentem
586 906 709 947 remis
737 904 989 946 Centaurum
1011 908 1241 958 promovet:
1266 903 1333 943 ille

357 970 482 1010 instat
505 982 652 1022 aquae,
680 980 906 1019 saxumque
930 965 1050 1005 undis
1074 965 1235 1004 inmane
1260 964 1436 1004 minatur

359 1030 509 1071 arduus
534 1036 574 1069 et
596 1028 720 1083 longa
744 1027 873 1068 sulcat
895 1026 1023 1066 maria
1047 1025 1128 1065 alta
1152 1024 1298 1065 carina.

416 1089 491 1130 Ille
516 1089 638 1130 etiam
661 1087 801 1142 patriis
826 1101 974 1141 agmen
998 1086 1076 1126 ciet
1102 1083 1245 1126 Ocnus
1270 1083 1321 1124 ab
1346 1084 1440 1132 oris,

360 1150 551 1191 fatidicae
573 1149 742 1189 Mantus
768 1154 808 1188 et
831 1147 958 1188 Tusci
981 1146 1088 1187 filius
1114 1146 1257 1194 amnis,

274 1224 339 1255 ‘200
363 1210 433 1264 qui
455 1224 593 1251 muros
617 1209 838 1261 matrisque
863 1208 974 1248 dedit
997 1207 1088 1255 tibi,
1113 1206 1306 1254 Mantua,
1331 1219 1492 1253 nomen,

361 1271 555 1319 Mantua,
580 1270 694 1310 dives
719 1269 826 1318 avis3
852 1269 925 1309 sed
947 1282 1029 1308 non
1053 1281 1182 1322 genus
1208 1265 1396 1307 omnibus
1421 1280 1566 1305 unum:

362 1346 465 1386 gens
488 1330 547 1372 illi
570 1330 733 1384 triplex,
758 1329 899 1383 populi
924 1328 999 1369 sub
1024 1334 1144 1383 gente
1169 1326 1353 1380 quaterni
1361 1342 1371 1375 3

364 1392 454 1446 ipsa
477 1396 599 1445 caput
620 1390 781 1445 populis
790 1405 801 1439 3
827 1389 965 1430 Tusco
990 1389 1040 1429 de
1066 1388 1262 1442 sanguine
1286 1387 1406 1427 vires.

364 1452 459 1492 hinc
484 1465 644 1505 quoque
669 1451 912 1505 quingentos
937 1450 979 1490 in
1004 1464 1047 1490 se
1070 1448 1302 1489 Mezentius
1327 1454 1468 1497 armat,

278 1526 341 1556 ‘205
366 1527 468 1565 quos
491 1518 606 1566 patre
629 1512 794 1553 Benaco
818 1511 976 1552 velatus
1001 1510 1196 1551 arundine
1219 1510 1365 1564 glauca

365 1573 545 1614 Mincius
569 1573 719 1615 infesta
742 1572 918 1615 ducebat
940 1573 984 1613 in
1007 1586 1184 1625 aequora
1206 1571 1318 1626 pinu.

367 1634 398 1674 it
421 1633 558 1689 gravis
581 1633 795 1684 Aulestes,
821 1640 1071 1686 centenaque
1094 1633 1235 1674 arbore
1259 1631 1425 1672 fluctum

367 1694 556 1735 verberat
579 1695 823 1750 adsurgens3
850 1700 1041 1750 spumant
1063 1694 1170 1735 vada
1192 1707 1392 1734 marmore
1415 1706 1547 1733 verso.

368 1754 478 1795 hunc
499 1754 612 1795 vehit
633 1755 807 1797 inmanis
832 1756 977 1797 Triton
1000 1761 1040 1796 et
1063 1755 1224 1796 caerula
1247 1753 1401 1795 concha

281 1828 345 1858 ‘210
371 1820 575 1856 exterrens
599 1815 721 1864 freta,
746 1817 812 1857 cui
834 1816 1005 1857 laterum
1029 1822 1147 1857 tenus
1171 1815 1334 1869 hispida
1355 1814 1469 1855 nanti

371 1876 483 1917 frons
507 1875 714 1916 hominem
736 1877 931 1930 praefert,
955 1878 999 1918 in
1020 1877 1179 1932 pristim
1204 1876 1352 1917 desinit
1375 1875 1511 1923 alvus3

372 1949 543 1990 spumea
566 1935 755 1977 semifero
780 1937 855 1978 sub
878 1943 1041 1991 pectore
1064 1943 1289 1978 murmurat
1312 1936 1433 1976 unda.

372 2001 432 2036 tot
453 1995 548 2036 lecti
570 2009 757 2049 proceres
782 2002 842 2037 ter
865 1998 979 2039 denis
1004 1998 1176 2039 navibus
1200 1997 1315 2038 ibant

374 2055 555 2097 subsidio
579 2055 727 2097 Troiae
751 2061 791 2096 et
814 2070 978 2111 campos
1004 2058 1098 2099 salis
1124 2072 1216 2099 aere
1241 2056 1445 2098 secabant.

285 2129 349 2159 ‘215
429 2116 599 2170 Iamque
623 2116 710 2157 dies
736 2116 848 2157 caelo
873 2125 1142 2168 concesserat,
1169 2119 1355 2171 almaque
1379 2131 1499 2158 curru

374 2177 590 2232 noctivago
613 2176 782 2220 Phoebe
805 2177 984 2217 medium
1005 2179 1195 2232 pulsabat
1220 2178 1464 2233 Olympum:

358 2237 542 2297 ,Aeneas
568 2263 620 2268 —
644 2251 777 2291 neque
802 2237 910 2278 enim
933 2238 1124 2280 membris
1149 2240 1218 2280 dat
1242 2254 1338 2280 eura
1362 2239 1539 2292 quietem
1563 2260 1617 2266 -

375 2298 463 2353 ipse
488 2298 634 2340 sedens
660 2298 900 2350 clavumque
923 2298 1028 2352 regit
1049 2299 1231 2352 velisque
1253 2300 1465 2340 ministrat.

377 2365 499 2412 atque
522 2360 581 2400 illi
603 2359 736 2402 medio
760 2359 803 2399 in
827 2359 958 2413 spatio
982 2358 1146 2408 chorus,
1172 2374 1283 2409 ecce,
1310 2375 1474 2401 suarum

289 2432 353 2462 220
377 2420 549 2461 occurrit
573 2420 783 2461 comitum:
807 2419 1040 2474 Nymphae,
1066 2417 1167 2472 quas
1192 2419 1298 2460 alma
1322 2419 1490 2474 Cybebe

377 2495 529 2524 numen
551 2481 700 2522 habere
723 2481 845 2523 maris
870 2479 1163 2534 Nymphasque
1188 2494 1210 2520 e
1232 2480 1403 2521 navibus
1428 2492 1518 2520 esse

377 2542 570 2591 iusserat,
594 2541 790 2585 innabant
811 2541 962 2595 pariter
984 2540 1212 2593 fluctusque
1237 2540 1439 2588 secabant,

380 2608 478 2655 quot
501 2603 613 2656 prius
638 2608 797 2645 aeratae
823 2607 1015 2644 steterant
1038 2602 1091 2643 ad
1112 2602 1230 2642 litora
1252 2614 1406 2656 prorae.

381 2665 635 2718 adgnoscunt
657 2664 780 2719 longe
802 2678 960 2719 regem,
984 2663 1236 2716 lustrantque
1260 2660 1428 2702 choreis.
