1794 3048
447 288 526 329 164
844 296 886 329 Ρ.
905 294 1134 330 VERGILLI
1151 294 1374 331 MARONIS

443 411 536 438 ecce
560 397 705 436 iterum
730 394 922 436 stimulat.
949 394 1156 447 sequimur
1178 400 1236 443 te,
1262 401 1399 436 sancte
1423 396 1603 446 deorum,

442 456 626 510 quisquis
651 471 713 505 es,
738 455 987 510 imperioque
1011 455 1157 495 iterum
1179 470 1368 509 paremus
1397 463 1572 498 ovantes.

443 516 553 557 adsis
578 531 601 556 o
625 515 890 570 placidusque
912 515 1028 556 iuves
1053 521 1094 556 et
1118 515 1251 556 sidera
1274 515 1385 556 caelo

444 578 586 618 dextra
610 577 757 618 feras.“
783 577 903 627 dixit,
927 577 1157 632 vaginaque
1182 577 1299 631 eripit
1322 592 1462 618 ensem

355 652 420 682 580
444 638 702 686 fulmineum,
730 638 948 692 strictoque
970 638 1063 679 ferit
1086 637 1309 679 retinacula
1332 638 1451 679 ferro.

441 699 551 740 idem
575 698 705 739 omnis
731 698 851 739 simul
875 699 994 740 ardor
1016 698 1159 748 habet,
1183 698 1424 753 rapiuntque
1449 705 1650 753 ruuntque
1658 716 1668 748 ;

441 760 558 800 litora
581 759 814 808 deseruere3
837 759 935 800 latet
960 759 1036 800 sub
1061 758 1261 800 classibus
1286 773 1456 812 aequor3

443 819 581 860 adnixi
604 825 793 873 torquent
817 835 983 874 spumas
1009 826 1049 860 et
1072 819 1234 860 caerula
1256 826 1433 860 verrunt.

497 880 555 921 Et
577 880 658 920 iam
686 881 817 934 prima
840 895 947 922 novo
973 880 1190 935 spargebat
1211 880 1363 921 lumine
1387 886 1513 922 terras

356 953 420 984 585
445 940 611 981 Tithoni
635 955 822 981 croceum
845 941 1032 994 linquens
1056 941 1219 981 Aurora
1242 940 1386 981 cubile.

443 1002 586 1056 regina
609 1016 630 1042 e
656 1001 832 1055 speculis
857 1007 902 1042 ut
924 1002 1098 1056 primum
1125 1001 1330 1042 albescere
1353 1001 1486 1042 lucem

444 1062 546 1102 vidit
569 1067 608 1102 et
631 1062 814 1115 aequatis
839 1062 1012 1102 classem
1035 1062 1253 1116 procedere
1276 1062 1391 1111 velis,

443 1123 639 1176 litoraque
663 1130 703 1164 et
724 1137 876 1164 vacuos
903 1123 1030 1164 sensit
1054 1122 1141 1163 sine
1163 1122 1317 1177 remige
1340 1128 1495 1176 portus,

444 1189 583 1236 terque
607 1189 828 1236 quaterque
853 1198 977 1224 manu
998 1189 1140 1238 pectus
1163 1197 1358 1237 percussa
1381 1183 1573 1224 decorum

357 1257 422 1286 590
444 1243 711 1297 flaventisque
736 1243 919 1284 abscissa
943 1258 1098 1293 comas,
1126 1257 1224 1297 „pro
1247 1242 1449 1297 Iuppiterl
1474 1243 1549 1284 ibit

444 1304 555 1353 hic,“
581 1303 637 1344 ait
662 1309 727 1354 „et
750 1304 898 1344 nostris
923 1303 1107 1344 inluserit
1131 1303 1291 1344 advena
1313 1303 1475 1357 regnis?

444 1379 525 1404 non
549 1378 662 1404 arma
684 1364 916 1417 expedient,
942 1370 1106 1416 totaque
1130 1378 1181 1404 ex
1203 1362 1303 1403 urbe
1328 1370 1558 1416 sequentur,

445 1424 712 1478 diripientque
734 1429 842 1465 rates
866 1424 934 1464 alii
957 1424 1195 1465 navalibus?
1217 1424 1284 1473 ite,

444 1485 546 1525 ferte
570 1484 639 1525 citi
661 1484 864 1534 flammas,
890 1485 983 1526 date
1007 1485 1105 1534 tela,
1130 1484 1309 1539 inpellite
1332 1484 1484 1525 remos!

358 1558 422 1588 595
446 1545 544 1598 quid
567 1544 735 1598 loquor?
758 1551 830 1586 aut
852 1544 925 1586 ubi
949 1545 1065 1587 sum?
1089 1559 1193 1599 quae
1216 1551 1393 1586 mentem
1415 1545 1574 1586 insania
1596 1546 1749 1586 mutat?

444 1605 587 1646 infelix
609 1605 741 1647 Dido!
766 1620 875 1647 nunc
898 1612 938 1647 te
961 1606 1070 1647 facta
1091 1606 1203 1660 inpia
1226 1605 1422 1661 tangunt?

446 1672 533 1706 tum
557 1666 710 1716 decuit,
735 1680 830 1707 cum
854 1673 1014 1722 sceptra
1036 1666 1176 1707 dabas.
1204 1691 1256 1696 —
1280 1681 1332 1707 en
1355 1666 1498 1707 dextra
1521 1666 1714 1721 fidesque,

446 1741 570 1779 quem
594 1741 733 1769 secum
756 1727 908 1782 patrios
933 1728 1046 1768 aiunt
1069 1733 1231 1782 portare
1253 1726 1444 1777 Penates,

447 1801 569 1839 quem
594 1787 768 1830 subiisse
792 1788 971 1829 humeris
997 1789 1229 1830 confectum
1252 1794 1383 1829 aetate
1405 1787 1632 1843 parentem!

359 1859 424 1890 600
446 1861 530 1887 non
550 1848 666 1901 potui
689 1848 903 1903 abreptum
926 1849 1117 1890 divellere
1141 1863 1288 1904 corpus
1312 1855 1353 1890 et
1375 1849 1495 1890 undis

447 1908 662 1961 spargere?
683 1922 766 1949 non
790 1909 941 1959 socios,
966 1924 1049 1950 non
1071 1909 1207 1964 ipsum
1230 1907 1444 1951 abs'umere
1467 1908 1575 1949 ferro

444 1965 672 2007 Ascanium
694 1969 918 2022 patriisque
941 1969 1188 2023 epulandum
1210 1978 1361 2023 ponere
1384 1968 1563 2026 mensis?

445 2040 587 2067 verum
611 2042 761 2083 anceps
785 2043 949 2084 pugnae
973 2029 1107 2070 fuerat
1129 2029 1303 2070 fortuna.
1329 2054 1383 2059 —
1406 2028 1573 2078 fuisset;

445 2099 567 2138 quem
590 2088 717 2128 metui
740 2089 957 2130 moritura?
979 2089 1090 2130 faces
1114 2089 1157 2130 in
1181 2095 1313 2130 castra
1336 2089 1533 2138 tulissem,

359 2159 422 2189 605
445 2146 746 2201 inplessemque
771 2149 882 2190 foros
906 2149 1100 2199 flammis,
1125 2155 1346 2203 natumque
1369 2156 1607 2204 patremque

446 2221 540 2248 cum
562 2223 712 2263 genere
736 2210 982 2259 exstinxem,
1006 2216 1157 2251 memet
1180 2225 1303 2265 super
1323 2210 1415 2265 ipsa
1437 2210 1654 2251 dedissem.

448 2266 538 2317 Sol,
563 2269 633 2322 qui
657 2275 853 2311 terrarum
877 2270 1052 2312 flammis
1077 2285 1200 2326 opera
1223 2270 1359 2312 omnia
1381 2271 1543 2320 lustras,

446 2335 571 2383 tuque
594 2331 739 2372 harum
761 2331 958 2387 interpres
983 2346 1172 2373 curarum
1195 2338 1236 2373 et
1258 2332 1422 2373 conscia
1443 2331 1549 2372 Iuno

446 2391 734 2445 nocturnisque
757 2391 916 2434 Hecate
940 2392 1068 2433 triviis
1091 2392 1247 2433 ululata
1268 2407 1342 2446 per
1363 2391 1485 2438 urbes

359 2462 423 2492 610
448 2456 489 2490 et
509 2450 638 2493 Dirae
662 2452 826 2494 ultrices
852 2459 892 2494 et
915 2453 958 2494 di
980 2453 1188 2494 morientis
1211 2453 1387 2502 Elissae,

447 2511 617 2566 accipite
639 2512 741 2554 haec
764 2513 1032 2566 meritumque
1055 2513 1172 2554 malis
1197 2512 1392 2554 advertite
1415 2525 1566 2552 numen

446 2578 487 2612 et
510 2579 669 2614 nostras
693 2574 829 2615 audite
852 2588 1007 2628 preces.
1034 2574 1069 2615 si
1092 2579 1259 2629 tangere
1280 2577 1422 2628 portus

446 2632 658 2674 infandum
681 2640 804 2688 caput
826 2649 874 2676 ac
897 2634 1013 2675 terris
1037 2634 1187 2675 adnare
1211 2646 1378 2674 necesse
1402 2639 1475 2681 est,

447 2698 487 2732 et
510 2693 569 2734 sic
593 2694 677 2735 fata
699 2694 811 2736 Iovis
833 2700 1027 2750 poscunt,
1051 2695 1118 2735 hic
1141 2693 1336 2735 terminus
1359 2692 1515 2735 haeret:
