1794 3048
280 477 340 506 175

279 780 340 810 180

279 1083 338 1114 185

278 1388 339 1418 190

278 1694 337 1723 195

273 1996 337 2026 200

273 2301 335 2331 205

273 2606 336 2636 210

366 293 448 335 218
490 284 494 288 ’
766 301 809 335 Ρ.
827 299 1059 335 VERGILH
1076 298 1300 335 MARoms

364 402 528 458 regibus
554 415 674 442 omen
698 406 800 450 erat3
824 400 903 442 hoo
925 400 1004 441 illis
1029 401 1141 441 curia
1163 400 1372 454 templum,

364 463 441 503 hae
466 462 590 503 sacris
616 461 734 502 sedes
759 460 889 515 epulis
898 476 909 511 ;
933 460 1001 502 hic
1024 461 1147 502 ariete
1171 475 1291 502 caeso

363 523 568 579 perpetuis
594 522 702 564 soliti
723 528 860 577 patres
885 522 1095 563 considere
1119 522 1284 564 mensis.

363 584 463 637 quin
486 583 608 624 etiam
630 589 814 624 veterum
837 583 997 639 effigies
1022 597 1074 624 ex
1097 583 1237 624 ordine
1261 597 1430 624 avorum

363 645 530 698 antiqua
553 658 575 686 e
599 644 738 694 cedro,
767 644 979 698 Italusque
1001 649 1197 698 paterque
1223 642 1401 686 Sabinus

363 706 563 756 vitisator,
589 720 756 747 curvam
781 705 1050 747 servanssub
1073 705 1250 760 imagine
1274 705 1434 755 falcem,

366 766 649 820 Saturnusque
674 781 800 808 senex
822 766 994 820 Ianique
1017 765 1205 807 bifrontis
1229 766 1379 821 imago,

362 827 564 869 vestibulo
588 827 822 877 adstabant,
848 827 996 881 aliique
1020 826 1072 868 ab
1096 827 1250 882 origine
1272 841 1405 882 reges,

361 888 513 929 Martia
535 888 606 942 qui
629 888 681 929 ob
705 888 879 943 patriam
901 887 1122 943 pugnando
1145 887 1312 928 volnera
1334 886 1460 941 passi.

362 949 570 1003 multaque
593 955 803 1004 praeterea
827 949 952 991 sacris
975 949 1020 990 in
1041 948 1228 1003 postibus
1252 963 1377 998 arma,

362 1010 511 1064 captivi
533 1010 713 1064 pendent
736 1024 877 1051 currus
902 1023 1130 1063 curvaeque
1155 1023 1318 1051 secures

363 1077 403 1111 et
427 1071 573 1112 cristae
597 1071 776 1125 capitum
800 1077 841 1112 et
862 1076 1072 1125 portarum
1094 1070 1275 1125 ingentia
1298 1068 1472 1110 claustra

363 1131 598 1186 spiculaque
622 1131 821 1186 clipeique
845 1137 1064 1185 ereptaque
1086 1136 1217 1171 rostra
1240 1130 1399 1171 carinis.

360 1192 449 1246 ipse
474 1191 675 1245 Quirinali
696 1192 796 1234 lituo
818 1206 1026 1247 parvaque
1051 1190 1218 1232 sedebat

363 1252 592 1294 succinctus
617 1252 773 1302 trabea,
798 1253 996 1305 laevaque
1020 1252 1149 1292 ancile
1172 1250 1341 1306 gerebat

360 1313 505 1363 Picus,
531 1328 682 1367 equum
706 1314 897 1363 domitor,
923 1327 1046 1367 quem
1069 1318 1188 1367 capta
1211 1312 1400 1366 cupidine
1424 1311 1601 1353 coniunx

363 1389 486 1416 aurea
507 1389 748 1429 percussum
771 1374 888 1429 virga
909 1387 1155 1426 versumque
1178 1373 1345 1414 venenis

362 1436 459 1476 fecit
481 1449 599 1476 avem
625 1434 762 1485 Circe,
788 1435 1016 1489 sparsitque
1040 1433 1242 1476 coloribus
1268 1433 1366 1474 alas.

362 1496 432 1537 tali
455 1496 564 1537 intus
592 1495 743 1550 templo
767 1495 906 1537 divom
927 1495 1139 1551 patriaque
1162 1495 1338 1536 Latinus

362 1558 458 1599 sede
484 1557 630 1598 sedens
655 1557 837 1599 Teucros
862 1558 916 1598 ad
939 1571 1030 1599 sese
1053 1557 1095 1597 in
1119 1562 1226 1598 tecta
1248 1555 1420 1604 vocavit,

361 1624 481 1672 atque
505 1618 606 1659 haec
628 1618 824 1673 ingressis
847 1618 1008 1673 placido
1030 1618 1141 1672 prior
1164 1617 1289 1658 edidit
1313 1631 1399 1657 ore:

420 1679 600 1730 „Dicite‚
625 1679 908 1729 Dardanidae,
933 1693 1067 1732 neque
1092 1679 1199 1720 enim
1221 1678 1426 1719 nescimus
1451 1682 1491 1718 et
1513 1676 1655 1718 urbem

361 1746 401 1781 et
423 1755 574 1796 genus,
600 1741 808 1794 auditique
832 1741 1040 1782 advertitis
1066 1755 1241 1794 aequore
1266 1754 1442 1788 cursum,

361 1801 461 1854 quid
483 1801 644 1855 petitis?
667 1816 771 1855 quae
796 1816 943 1843 caussa
964 1807 1072 1843 rates
1097 1807 1166 1842 aut
1190 1801 1305 1842 cuius
1331 1806 1497 1855 egentes

361 1862 456 1903 litus
481 1862 534 1902 ad
556 1861 791 1903 Ausonium
814 1869 874 1904 tot
895 1877 969 1917 per
992 1863 1098 1903 vada
1121 1862 1283 1903 caerula
1305 1861 1441 1903 vexit?

363 1923 449 1964 sive
473 1937 606 1964 errore
629 1923 720 1964 viae
745 1938 819 1964 seu
842 1923 1152 1977 tempestatibus
1177 1923 1269 1972 acti,

361 1983 497 2036 qualia
519 1983 647 2024 multa
670 1983 772 2024 mari
794 1989 942 2024 nautae
964 1984 1173 2038 patiuntur
1194 1983 1237 2023 in
1260 1982 1354 2032 alto,

360 2043 537 2084 fluminis
561 2043 741 2084 intrastis
764 2044 874 2098 ripas
897 2049 1098 2098 portuque
1123 2043 1285 2092 sedetis,

359 2119 411 2146 ne
435 2104 565 2160 fugite
587 2104 827 2160 hospitium,
852 2119 955 2146 neve
978 2105 1163 2160 ignorate
1185 2103 1359 2146 Latinos

362 2165 528 2208 Saturni
550 2171 734 2222 gentem,
758 2166 870 2207 haud
892 2166 1026 2207 vinclo
1050 2179 1126 2206 nec
1148 2164 1308 2219 legibus
1333 2178 1520 2218 aequam,

361 2233 505 2282 sponte
530 2242 605 2268 sua
632 2227 863 2280 veterisque
887 2227 952 2267 dei
977 2241 1021 2268 se
1044 2240 1157 2267 more
1181 2231 1396 2267 tenentem.

361 2294 482 2341 atque
507 2288 696 2342 equidem
718 2288 885 2329 memini
907 2312 963 2318 -—
985 2287 1097 2328 fama
1120 2292 1183 2328 est
1205 2286 1416 2328 obscurior
1438 2285 1554 2327 annis
1578 2310 1632 2316 —-

359 2348 578 2390 Auruncos
602 2349 660 2390 ita
682 2348 789 2390 ferre
814 2363 951 2398 senes,
975 2348 1040 2390 his
1065 2354 1177 2390 ortus
1201 2353 1247 2389 ut
1271 2347 1379 2403 agris

359 2410 580 2451 Dardanus
604 2410 751 2452 Idaeas
774 2410 981 2466 Phrygiae
1003 2409 1222 2465 penetrarit
1246 2409 1298 2450 ad
1320 2408 1442 2449 urbes

361 2471 672 2525 Threiciamque
699 2469 887 2520 Samum,
913 2485 1018 2524 quae
1041 2485 1149 2511 nunc
1175 2468 1456 2512 Samothracia
1479 2467 1618 2509 fertur.

359 2532 455 2573 hino
477 2532 592 2573 illum
616 2531 788 2586 Corythi
812 2531 1025 2586 Tyrrhena
1047 2531 1098 2573 ab
1124 2531 1220 2572 sede
1243 2530 1471 2585 profectum

361 2607 484 2634 aurea
505 2607 614 2634 nuno
638 2593 739 2634 solio
765 2593 961 2634 stellantis
984 2592 1098 2648 regia
1122 2592 1223 2633 caeli

360 2654 506 2708 accipit
529 2659 570 2694 et
591 2668 807 2695 numerum
830 2654 1015 2695 divorum
1039 2652 1231 2694 altaribus
1256 2652 1418 2706 auget.“

414 2713 606 2764 Dixerat,
632 2720 672 2756 et
695 2715 804 2756 dicta
826 2714 1006 2756 Ilioneus
1031 2714 1090 2755 sic
1113 2727 1212 2755 voce
1237 2718 1418 2753 secutus:
