1820 3080
387 283 468 324 268
786 292 828 326 P.
846 290 1077 326 VERGILII
1096 288 1321 326 MARONIS

297 407 361 438 560
385 393 515 447 qualis
539 392 610 434 ubi
633 398 703 433 aut
724 391 903 445 leporem
928 396 998 431 aut
1021 389 1209 431 candenti
1232 404 1398 446 corpore
1422 406 1595 447 cycnum

294 713 357 744 565

297 1018 358 1049 570

295 1323 358 1354 575

297 1627 359 1658 580

295 1932 359 1962 585

296 2236 359 2266 590

298 2540 359 2569 595

385 455 548 497 sustulit
570 454 651 495 alta
673 459 816 508 petens
840 452 1014 507 pedibus
1038 452 1151 493 Iovis
1176 452 1352 508 armiger
1375 454 1504 504 uncis,

383 515 613 569 quaesitum
636 519 706 555 aut
728 513 847 554 matri
870 512 1008 554 multis
1032 512 1235 555 balatibus
1260 529 1411 569 agnum

382 576 561 617 Martius
586 590 611 616 a
636 574 806 616 stabulis
829 574 965 628 rapuit
987 573 1121 629 lupus.
1145 574 1325 628 undique
1349 575 1501 617 clamor

383 637 552 686 tollitur3
575 636 774 677 invadunt
797 641 837 676 et
859 635 995 677 fossas
1019 649 1170 691 aggere
1194 635 1398 691 conplent,

382 697 559 739 ardentis
583 696 723 738 taedas
748 696 816 737 alii
840 696 893 738 ad
915 696 1082 752 fastigia
1102 696 1266 738 iactant.

380 759 561 800 Ilioneus
587 773 686 800 saxo
710 763 832 811 atque
855 757 1012 813 ingenti
1035 758 1236 813 fragmine
1260 758 1409 800 montis

381 821 599 862 Lucetium
623 826 763 875 portae
787 819 1029 862 subeuntem
1051 820 1241 875 ignisque
1264 820 1475 870 ferentem,

380 881 629 923 Emathiona
651 881 798 936 Liger,
825 880 1084 935 Corynaeum
1108 881 1250 922 sternit
1271 879 1425 930 Asilas,

381 943 448 984 hie
470 943 602 985 iaculo
626 942 777 993 bonus,
802 942 868 984 hie
891 942 1012 998 longe
1036 942 1200 983 fallente
1225 942 1386 998 sagitta,

385 1004 607 1060 Ortygium
634 1003 842 1053 Caeneus,
867 1004 1063 1045 victorem
1089 1003 1254 1045 Caenea
1277 1003 1455 1053 Turnus,

383 1065 547 1106 Turnus
571 1065 682 1119 Itym
707 1064 997 1118 Cloniumque,
1021 1065 1278 1119 Dioxippum
1301 1064 1621 1119 Promolumque

383 1132 423 1167 et
448 1125 637 1182 Sagarim
661 1132 701 1168 et
725 1127 895 1167 summis
920 1132 1095 1168 stantem
1117 1141 1191 1180 pro
1215 1125 1392 1167 turribus
1417 1126 1532 1175 Idan,

382 1186 626 1228 Privernum
651 1186 804 1242 Capys.
828 1187 938 1228 hunc
959 1187 1091 1242 primo
1114 1187 1216 1228 levis
1240 1187 1358 1228 hasta
1381 1186 1611 1228 Themillae

384 1250 616 1299 strinxerat,
641 1250 708 1291 ille
731 1265 898 1291 manum
921 1251 1100 1304 proiecto
1124 1250 1302 1305 tegmine
1326 1250 1494 1292 demens

383 1311 436 1351 ad
457 1310 603 1351 volnus
628 1310 737 1361 tulit3
762 1325 860 1366 ergo
884 1311 958 1352 alis
983 1311 1153 1366 adlapsa
1176 1311 1325 1366 sagitta

383 1377 424 1411 et
445 1370 563 1412 laevo
586 1370 712 1412 infixa
735 1377 798 1412 est
820 1372 937 1412 lateri
960 1387 1124 1422 manus,
1150 1371 1368 1426 abditaque
1391 1372 1501 1414 intus

384 1431 630 1486 spiramenta
654 1432 811 1473 animae
834 1432 946 1474 letali
968 1432 1133 1474 volnere
1156 1433 1277 1487 rupit.

384 1492 518 1534 stabat
539 1493 582 1533 in
606 1493 781 1548 egregiis
804 1492 997 1535 Arcentis
1021 1494 1128 1535 filius
1153 1494 1289 1544 armis,

382 1554 515 1608 pietus
539 1569 617 1595 acu
641 1554 898 1609 chlamydem
922 1560 962 1596 et
985 1554 1191 1610 ferrugine
1216 1555 1348 1596 clarus
1374 1554 1543 1605 Hibera,

382 1615 554 1671 insignis
579 1615 701 1665 facie,
726 1616 887 1671 genitor
909 1630 1031 1671 quem
1055 1617 1222 1658 miserat
1243 1615 1404 1658 Arcens

383 1677 575 1717 eductum
599 1677 738 1718 matris
763 1677 855 1719 luco
882 1676 1121 1733 Symaethia
1145 1678 1298 1719 circum

381 1737 566 1788 fiumina,
590 1738 754 1793 pinguis
779 1738 851 1780 ubi
874 1745 914 1780 et
936 1739 1147 1793 placabilis
1171 1754 1242 1780 ara
1264 1738 1434 1780 Palicis:

383 1797 619 1839 stridentem
643 1798 814 1839 fundam
836 1799 981 1853 positis
1004 1798 1238 1841 Mezentius
1262 1799 1390 1841 hastis

381 1859 470 1913 ipse
495 1865 556 1900 ter
579 1859 755 1900 adducta
778 1860 930 1900 circum
954 1866 1076 1915 caput
1100 1861 1184 1916 egit
1206 1860 1378 1910 habena,

384 1925 424 1960 et
446 1919 581 1960 media
604 1919 766 1960 adversi
788 1919 1008 1974 liquefacto
1032 1926 1217 1975 tempora
1238 1921 1408 1976 plumbo

382 1979 531 2020 diffidit
554 1994 602 2021 ac
625 1980 752 2021 multa
774 1986 1005 2035 porrectum
1028 1981 1210 2022 extendit
1232 1996 1366 2022 arena.

439 2040 549 2081 Tum
570 2040 747 2095 primum
771 2041 878 2082 bello
902 2042 1075 2083 celerem
1097 2042 1320 2084 intendisse
1344 2042 1533 2098 sagittam
1595 2049 1596 2052 ’

383 2100 546 2151 dieitur,
572 2106 666 2142 ante
690 2101 798 2143 feras
824 2102 967 2143 solitus
992 2108 1141 2144 terrere
1165 2102 1349 2158 fugaces,

382 2160 610 2212 Ascanius,
636 2162 864 2216 fortemque
887 2178 1013 2204 manu
1036 2164 1194 2206 fudisse
1216 2164 1468 2215 Numanum,

384 2222 450 2263 cui
471 2223 647 2264 Remulo
671 2238 898 2279 cognomen
921 2229 1025 2274 erat,
1051 2224 1263 2278 Turnique
1287 2225 1484 2266 minorem

382 2298 620 2338 germanam
642 2299 773 2339 nuper
795 2284 973 2326 thalamo
999 2285 1175 2327 sociatus
1199 2285 1389 2327 habebat.

383 2345 418 2386 is
441 2345 615 2399 primam
638 2353 732 2387 ante
756 2346 886 2387 aciem
909 2346 1035 2402 digna
1059 2352 1181 2400 atque
1204 2347 1372 2402 indigna
1394 2347 1524 2389 relatu

385 2406 629 2457 vociferans,
655 2407 916 2462 tumidusque
939 2423 1046 2450 novo
1069 2409 1306 2463 praecordia
1328 2423 1455 2463 regno

383 2467 468 2508 ibat
491 2473 531 2509 et
553 2467 760 2523 ingentem
784 2483 875 2510 sese
899 2469 1074 2511 clamore
1098 2469 1272 2511 ferebat:

387 2542 494 2577 „non
516 2529 643 2583 pudet
665 2529 878 2572 obsidione
901 2530 1047 2571 iterum
1069 2530 1258 2584 valloque
1283 2530 1421 2579 teneri,

385 2587 447 2629 bis
472 2589 581 2643 capti
603 2589 814 2646 Phryges,
839 2596 880 2632 et
902 2591 1022 2632 morti
1043 2591 1309 2646 praetendere
1331 2590 1494 2631 muros?

385 2663 452 2698 en,
479 2649 548 2702 qui
570 2656 708 2691 nostra
732 2651 810 2692 sibi
832 2650 940 2694 bello
964 2652 1139 2694 conubia
1160 2651 1353 2706 poscuntl

384 2709 476 2762 quis
501 2710 601 2752 deus
626 2711 805 2762 Italiam,
830 2727 935 2766 quae
958 2729 1032 2755 vos
1057 2713 1260 2755 dementia
1283 2712 1443 2767 adegit?
