1800 3106
574 266 834 304 AENEIDOS
853 266 952 302 LIB.
972 266 1040 301 XI.

123 375 255 418 victor
280 372 468 431 Gargani
492 372 699 416 condebat
721 371 894 428 Iapygis
918 370 1042 414 arvis.

123 444 346 494 postquam
370 435 613 493 introgressi
637 441 678 477 et
701 449 842 477 coram
866 434 964 476 data
987 433 1108 490 copia
1130 432 1260 483 sandi,

123 515 296 542 munera
318 499 614 556 praeferimus,
640 511 793 540 nomen
816 496 1076 553 patriamque
1101 495 1314 546 docemus,

123 562 195 617 qui
218 561 374 604 bellum
398 561 626 611 intulerint,
652 574 759 615 quae
783 558 1173 602 caussa-attraxerit
1194 556 1351 614 Arpos.

124 624 275 667 auditis
299 624 368 666 ille
392 624 497 666 haec
519 623 684 680 placido
709 622 769 665 sic
791 621 971 664 reddidit
995 636 1104 681 ore:¹

125 702 164 737 ‚o
188 686 424 729 fortunatae
448 693 614 743 gentes,
643 683 840 728 Saturnia
862 699 1004 741 regna,

125 749 285 804 antiqui
308 748 507 799 Ausonii,
533 762 640 803 quae
665 762 740 790 vos
765 747 933 790 fortuna
956 747 1118 802 quietos

127 811 338 862 sollicitat,
365 811 595 865 suadetque
618 810 762 867 ignota
784 810 990 852 lacessere
1014 808 1149 852 bella?

125 873 376 928 quicumque
400 872 551 915 Iliacos
575 872 686 915 ferro
711 872 960 914 violavimus
986 886 1130 928 agros,
1157 896 1212 902 -—

126 936 244 978 mitto
269 950 336 986 ea,
362 949 469 990 quae
493 934 623 977 muris
647 934 842 977 bellando
867 934 1071 976 exhausta
1096 932 1174 976 sub
1200 933 1307 982 altis,

126 1012 232 1053 quos
259 996 414 1040 Simois
437 1003 598 1053 premat
621 996 691 1039 ille
714 997 826 1040 viros
851 1022 906 1028 —
930 996 1103 1038 infanda
1125 1010 1201 1052 per
1224 995 1366 1038 orbem

127 1059 332 1116 supplicia
355 1065 397 1102 et
421 1059 624 1102 scelerum
647 1074 805 1116 poenas
831 1059 1107 1115 expendimus
1133 1073 1291 1108 omnes,

126 1123 194 1165 vel
217 1122 386 1164 Priamo
409 1122 647 1164 miseranda
671 1137 840 1173 manus3
867 1122 945 1164 scit
968 1121 1085 1164 triste
1108 1120 1328 1163 Minervae

129 1185 244 1227 sidus
269 1191 310 1227 et
332 1184 547 1227 Euboicae
572 1191 714 1227 cautes
739 1184 929 1239 ultorque
955 1182 1213 1240 Caphereus.

129 1247 275 1288 militia
299 1262 351 1288 ex
373 1246 444 1288 illa
468 1247 679 1289 diversum
704 1247 758 1289 ad
781 1246 879 1288 litus
905 1246 1043 1289 abacti

130 1309 301 1351 Atrides
325 1308 467 1351 Protei
489 1308 709 1350 Menelaus
735 1309 922 1363 adusque
948 1308 1163 1350 columnas

133 1371 315 1421 exsulat,
340 1369 554 1412 Aetnaeos
578 1371 682 1412 vidit
708 1370 918 1426 Cyclopas
943 1370 1107 1412 Ulixes.

134 1449 264 1490 regna
286 1433 548 1489 Neoptolemi
572 1433 767 1483 referam,
793 1447 1021 1487 versosque
1045 1433 1227 1474 Penates

132 1495 371 1538 Idomenei?
394 1494 612 1551 Libycone
636 1495 870 1537 habitantes
894 1495 1012 1537 litore
1035 1494 1225 1536 Locros?

134 1558 223 1613 ipse
247 1557 507 1613 Mycenaeus
531 1572 780 1614 magnorum
805 1557 951 1599 ductor
975 1556 1185 1599 Achivom

133 1619 322 1676 coniugis
347 1620 543 1662 infandae
566 1620 701 1676 prima
724 1619 832 1662 intra
855 1619 999 1661 limina
1023 1619 1170 1661 dextra

135 1682 307 1738 oppetiit
315 1698 326 1733 3
352 1682 559 1724 devictam
584 1681 734 1724 Asiam
760 1682 948 1724 subsedit
972 1682 1144 1724 adulter.

134 1744 334 1786 invidisse
359 1745 480 1796 deos,
505 1745 649 1800 patriis
675 1752 721 1786 ut
745 1745 931 1787 redditus
956 1745 1038 1786 aris
1180 1784 1184 1789 ,

136 1807 374 1863 coniugium
399 1814 585 1863 optatum
610 1814 650 1849 et
674 1807 889 1863 pulchram
915 1806 1136 1863 Calydona
1159 1806 1371 1848 viderem?

135 1883 246 1911 nunc
272 1869 395 1911 etiam
419 1869 604 1912 horribili
629 1870 723 1912 visu
746 1875 937 1925 portenta
962 1876 1203 1924 sequuntur,

136 1938 178 1973 et
202 1932 303 1974 socii
327 1932 468 1974 amissi
492 1932 699 1988 petierunt
723 1932 891 1975 aethera
913 1933 1062 1988 pennis

135 1994 458 2049 fluminibusque
482 2000 687 2051 vagantur
710 2009 810 2037 aves
835 2020 890 2026 -—-
915 1995 998 2037 heu
1023 1995 1112 2037 dira
1135 2009 1324 2036 meorum

138 2055 358 2112 supplicia!
384 2082 439 2087 —
464 2063 505 2099 et
529 2057 722 2113 scopulos
746 2057 978 2100 lacrimosis
1002 2057 1177 2100 vocibus
1201 2057 1374 2113 inplent.

137 2118 240 2160 haec
264 2119 368 2161 adeo
393 2133 445 2161 ex
468 2119 538 2162 illo
562 2120 664 2161 mihi
687 2120 771 2162 iam
796 2121 1002 2176 speranda
1025 2120 1195 2162 suerunt

139 2186 342 2236 tempore,
368 2196 463 2222 cum
486 2181 597 2223 ferro
623 2182 818 2224 caelestia
843 2196 1016 2238 corpora
1040 2182 1212 2224 demens

140 2242 293 2297 adpetii
318 2250 359 2283 et
382 2242 559 2284 Veneris
584 2243 736 2284 violavi
760 2243 927 2285 volnere
952 2243 1153 2285 dextram.

140 2318 193 2345 ne
217 2318 334 2354 vero,
359 2319 412 2346 ne
436 2319 503 2346 me
528 2305 582 2346 ad
606 2305 699 2347 talis
723 2305 907 2360 inpellite
930 2321 1109 2361 pugnas.

141 2379 219 2407 nec
242 2365 344 2407 mihi
368 2379 462 2407 cum
488 2365 662 2408 Teucris
687 2366 818 2407 ullum
842 2373 938 2422 post
962 2373 1080 2409 eruta
1101 2366 1257 2409 bellum

142 2427 368 2484 Pergama,
393 2442 470 2469 nec
495 2434 681 2470 veterum
705 2429 875 2470 memini
898 2429 1081 2471 laetorve
1105 2429 1319 2471 malorum.

143 2504 332 2540 munera,
358 2504 465 2544 quae
488 2490 632 2546 patriis
658 2490 711 2532 ad
734 2505 801 2533 me
824 2491 998 2546 portatis
1023 2490 1075 2533 ab
1101 2491 1197 2540 oris,

144 2552 289 2594 vertite
314 2553 368 2593 ad
392 2551 580 2594 Aenean.
608 2553 796 2596 stetimus
822 2553 904 2594 tela
929 2567 1077 2608 aspera
1100 2559 1254 2604 contra,

146 2615 476 2670 contulimusque
501 2630 669 2658 manus:
696 2623 866 2672 experto
891 2616 1062 2666 credite,
1088 2613 1266 2671 quantus

145 2676 188 2718 in
211 2677 388 2733 clipeum
414 2678 630 2734 adsurgat,
655 2692 740 2732 quo
764 2677 926 2720 turbine
951 2684 1140 2734 torqueat
1162 2677 1337 2720 hastam.

148 2739 183 2780 si
206 2739 288 2782 duo
311 2746 525 2796 praeterea
549 2739 641 2783 talis
666 2740 794 2783 Idaea
817 2740 980 2783 tulisset
1051 2771 1054 2773 -

219 2816 371 2852 l'vrgyilius.
1228 2813 1249 2848 2
1256 2812 1279 2848 Ο

1408 256 1492 298 305

1520 570 1585 601 250

1519 881 1585 911 255

1526 1193 1592 1224 260

1529 1505 1594 1536 265

1532 1818 1597 1849 270

1533 2130 1599 2161 275

1536 2440 1602 2472 280

1537 2751 1602 2783 285
