1742 3042
324 281 388 309 xx
398 280 433 309 11
880 275 1089 303 PRAEFATIO

323 376 485 410 Pulchra
499 377 609 410 lectio
624 374 781 409 omnium
794 373 870 407 fere
887 372 1061 405 librorum
1073 370 1206 406 iniuria
1219 372 1281 407 diu
1295 377 1428 418 spreta.
1444 375 1458 421 Ι]
1475 375 1551 410 816,
1561 382 1654 411 tran-

322 425 375 473 sit]
395 426 550 460 transiit.
573 425 658 460 Vid.
678 424 726 458 ad
743 434 776 456 v.
796 421 871 456 784.
887 422 901 467 fl
918 421 995 455 822.
1013 422 1164 466 yravz’ter
1182 422 1356 471 miserans]
1375 423 1554 459 miserans
1573 437 1653 471 gra-

323 475 425 510 viter.
471 475 543 510 Illa
567 473 762 509 collocatio
787 471 1048 507 allitteratione
1074 473 1358 509 commendatur.
1374 475 1387 520 1]
1409 475 1486 510 860.
1509 475 1655 524 Rhaebe]

322 525 488 560 Rhoebe.
505 525 518 571 Η
535 525 611 559 870.
632 524 716 558 Non
735 521 869 566 legitur
887 521 926 556 in
945 521 1049 556 libris
1068 522 1233 567 optimis,
1259 523 1322 568 qui
1344 528 1431 568 post
1454 524 1553 560 hunc
1577 531 1656 561 erat

321 585 465 618 versus,
480 580 508 607 et
521 573 621 616 fariis
634 573 780 616 aqz'tatus
792 583 889 605 amor
902 579 931 605 et
945 573 1080 606 conscia
1092 573 1213 615 virtus,
1231 583 1275 608 ex
1288 573 1375 618 XII,
1389 574 1455 609 668
1466 575 1654 620 repetitus.

386 624 469 658 Lib.
488 623 555 666 XI,
574 623 627 656 24.
648 623 735 666 agite
754 632 773 656 e
793 621 1025 667 Peerlkampi
1046 623 1275 658 coniectura:
1302 628 1380 659 erat
1398 626 1462 669 aie,
1487 626 1588 671 quod
1607 626 1655 660 vi·

320 673 412 707 tiose
426 673 463 706 in
477 671 596 706 media
610 671 776 706 oratione
789 671 951 716 positum
966 672 1113 707 criticos
1126 676 1256 708 notare
1270 674 1381 709 docet
1395 673 1553 709 Servius.
1569 675 1583 721 fl
1600 675 1654 710 94.

317 719 557 768 praecesserat]
576 726 821 765 processerat.
874 721 1024 757 Scilicet
1040 723 1246 767 praecessit
1263 724 1423 759 Aeneae.
1440 724 1453 770 ss
1471 724 1525 759 95.
1544 724 1655 772 edidit]

318 771 471 805 addidit.
486 772 500 816 fl
519 771 593 805 120.
619 770 682 818 illz']
709 771 784 805 olli.
801 772 813 817 ΙΙ
832 771 908 805 126.
932 771 1111 820 iustitiam]
1135 773 1355 808 iustitiaene.
1371 774 1384 820 ΙΙ
1404 773 1478 808 145.
1502 773 1655 822 iunqunt]

318 820 446 865 iungit.
463 822 475 866 Η
494 821 569 855 193.
582 820 645 869 laic]
660 821 755 855 hinc.
772 821 785 867 Ι]
803 821 879 856 356.
890 821 1018 870 firmes]
1031 822 1176 868 iungas.
1212 823 1387 859 Nostrum
1400 824 1509 859 etiam
1522 825 1655 860 allittc-

317 870 459 905 ratione
474 871 756 905 commendatur.
773 871 786 917 ΙΙ
803 871 880 905 425.
894 871 1085 920 variusque]
1099 873 1274 919 variique.
1290 874 1304 920 fl
1320 874 1397 909 430.
1406 873 1517 922 tarda]
1530 885 1655 919 parva.

317 919 415 953 Illud
435 920 557 964 aptius
578 921 692 954 Turni
712 920 873 955 ferociae
893 924 931 956 et
947 921 1209 966 impatientiae.
1230 923 1243 969 ΙΙ
1260 922 1337 957 461.
1357 923 1471 971 ruunt]
1490 928 1610 959 ruant.
1626 925 1639 970 ss

317 970 393 1004 487.
406 970 556 1018 mulum]
571 971 756 1005 Rutulum.
771 972 785 1017 ss
802 972 879 1006 592.
892 971 1079 1020 Italusque]
1094 973 1267 1008 Italusve.
1295 973 1399 1008 Dicit
1410 973 1499 1009 hoc:
1513 978 1551 1009 et
1562 975 1655 1010 Tros

318 1024 355 1054 ct
374 1019 502 1054 Italus.
518 1021 531 1067 Η
551 1021 625 1055 708.
643 1020 811 1069 fraudem]
831 1022 988 1057 laudem.
1041 1022 1124 1058 Vid.
1139 1022 1314 1058 Servium.
1331 1023 1344 1069 ΙΙ
1363 1024 1438 1059 738.
1457 1023 1654 1072 exspectate]

319 1074 544 1114 exspectare.
589 1071 704 1105 Recte
725 1082 764 1106 se
789 1071 904 1106 habet
923 1072 1084 1107 omnium
1102 1072 1180 1108 fere
1205 1073 1383 1108 librorum
1400 1074 1522 1109 lectio.
1570 1075 1655 1110 Non

319 1130 452 1164 segnes
467 1120 556 1155 estis
569 1120 606 1154 in
619 1120 765 1156 Venere
786 1121 873 1156 etin
886 1121 1009 1157 choris
1021 1122 1178 1167 Bacchi,
1204 1134 1277 1168 qua
1297 1123 1496 1168 cupiditate
1510 1125 1656 1169 expleta

319 1168 416 1203 avidi
429 1168 518 1204 estis
532 1169 604 1205 cibi
618 1170 782 1216 vinique:
808 1174 847 1205 at
858 1182 945 1206 vero
959 1172 1051 1207 tibia
1069 1172 1133 1207 ubi
1147 1173 1279 1207 choros
1293 1173 1439 1218 indixit,
1465 1174 1654 1218 epularum

318 1219 459 1253 nullum
477 1223 534 1254 est
552 1222 707 1265 tempus.
723 1221 736 1267 l]
756 1221 831 1255 768.
854 1220 990 1270 Cybelo]
1017 1221 1190 1267 Cybelae.
1238 1222 1402 1258 Montem
1418 1233 1488 1267 pro
1507 1223 1654 1258 numine

317 1268 477 1313 positum
491 1269 542 1304 ait
555 1269 712 1305 Servius.
748 1270 887 1306 Verum
901 1270 1063 1316 Cybelae
1077 1271 1149 1306 iam
1161 1283 1236 1306 non
1250 1283 1354 1307 sacer
1367 1276 1464 1316 erat,
1477 1271 1549 1307 fuit
1561 1273 1655 1308 enim

319 1319 399 1352 olim
411 1321 586 1362 sacerdos,
612 1320 677 1354 sed
690 1319 727 1354 in
742 1320 887 1356 dicione
906 1321 1034 1366 templi
1046 1321 1084 1355 in
1097 1325 1221 1356 monte
1241 1321 1300 1356 siti
1313 1325 1408 1366 erat,
1432 1326 1474 1356 ut
1485 1322 1590 1356 multi
1603 1321 1655 1357 Si-

320 1368 393 1402 culi
405 1368 586 1413 Erycinae
600 1370 755 1405 Veneris
775 1371 912 1416 templo
932 1371 1126 1416 parebant.
1141 1372 1155 1417 Ι]
1173 1370 1268 1406 Ibid.
1284 1370 1443 1419 Chorene]
1465 1370 1654 1407 Chloreus.

333 1419 345 1463 ΙΙ
362 1417 436 1453 774.
449 1421 593 1453 humeris
605 1419 690 1468 erat]
702 1421 853 1456 humero
868 1425 987 1456 sonat.
1004 1422 1016 1467 Η
1035 1422 1111 1456 799.
1124 1420 1191 1468 ubi]
1204 1424 1255 1456 ut.
1270 1421 1284 1468 ΙΙ
1301 1421 1377 1456 882.
1389 1420 1492 1469 intra]
1505 1421 1610 1457 inter.

382 1468 465 1503 Lib.
484 1469 572 1513 XII,
597 1470 651 1504 24.
671 1469 776 1518 arvis]
801 1471 912 1517 agris.
929 1472 941 1518 Η
960 1472 1035 1506 176.
1053 1470 1223 1519 precanti]
1248 1471 1406 1506 vocanti.
1423 1473 1436 1517 ΙΙ
1454 1471 1529 1506 178.
1553 1471 1655 1519 Iuno]

317 1518 486 1553 coniunX.
502 1519 515 1565 ΙΙ
533 1519 608 1554 273.
624 1520 723 1568 auro]
736 1521 831 1556 alvo.
848 1522 860 1568 l]
878 1520 1089 1569 299.Ebyso]
1102 1521 1241 1556 Ebuso.
1257 1521 1271 1568 ΙΙ
1287 1521 1364 1556 300.
1377 1520 1442 1570 illi]
1457 1521 1531 1556 olli.
1547 1522 1560 1568 ΙΙ
1577 1522 1655 1557 332.

315 1567 457 1616 intonat]
470 1569 647 1614 increpat.
694 1571 738 1605 In
751 1571 816 1606 illo
831 1571 1067 1606 consentiunt
1077 1571 1269 1606 Mediceus
1283 1574 1321 1606 et
1331 1571 1531 1606 Romanus.
1548 1572 1561 1618 fl
1578 1572 1655 1606 389.

319 1617 479 1666 latebras]
499 1619 690 1655 latebram.
706 1622 720 1667 Η
737 1621 815 1656 401.
833 1621 1054 1669 Paeonidum]
1072 1621 1284 1656 Paeonium.
1301 1622 1313 1667 ss
1330 1620 1408 1656 408.
1426 1621 1578 1669 subeunt]
1598 1633 1655 1656 su-

315 1669 516 1715 beuntque.
533 1671 545 1716 ss
563 1670 640 1706 454.
654 1671 733 1719 ruit]
747 1675 840 1707 ruet.
858 1673 870 1719 Η
887 1671 964 1707 455.
977 1671 1111 1720 volans]
1125 1672 1238 1707 volat.
1253 1672 1267 1718 Η
1283 1671 1361 1706 457.
1369 1671 1488 1719 coacti]
1503 1672 1654 1707 coactis.

332 1719 344 1763 Π
359 1718 436 1753 459.
454 1720 670 1769 Epulontem]
689 1722 906 1767 Epulonem.
924 1723 937 1768 ΙΙ
954 1722 1031 1756 464.
1056 1721 1229 1770 adversos]
1249 1733 1411 1757 aversos.
1460 1722 1562 1764 Quos
1580 1733 1655 1757 non

317 1769 462 1813 dignari
482 1774 644 1805 sternere
657 1771 819 1806 Aeneam
831 1772 867 1806 h.
880 1772 904 1807 1.
917 1773 1101 1817 ineptum3
1120 1773 1189 1807 hos
1209 1772 1305 1807 enim
1316 1772 1490 1818 persequi
1504 1776 1655 1807 coactus

317 1821 426 1852 esset.
484 1818 621 1854 Contra
644 1832 676 1854 V.
701 1820 768 1855 485
790 1821 882 1855 nihil
910 1821 1025 1856 refert
1053 1824 1214 1856 adversos
1242 1833 1291 1857 an
1321 1833 1459 1856 aversos
1488 1823 1604 1867 legas.
1626 1823 1639 1868 ss

316 1866 392 1901 520.
407 1867 535 1915 limina]
549 1880 709 1904 munera.
726 1870 740 1915 Π
758 1870 833 1903 612.
848 1873 885 1904 et
897 1870 972 1904 613.
986 1871 1091 1905 uncis
1103 1871 1253 1915 inclusi,
1278 1871 1414 1915 quippe
1433 1871 1470 1905 in
1484 1871 1654 1906 Palatino

318 1916 462 1950 demum
477 1917 605 1952 codice
619 1919 815 1953 admodum
827 1919 1050 1963 interpolato
1063 1920 1151 1954 lecti
1165 1924 1202 1955 et
1215 1931 1259 1954 ex
1271 1920 1339 1964 XI,
1351 1920 1414 1954 471
1427 1932 1481 1966 sq.
1495 1921 1654 1965 repetiti,

317 1977 386 2001 nee
401 1966 489 2001 satis
502 1967 580 2012 apti
593 1967 678 2004 huic
691 1968 786 2003 loco.
833 1969 1072 2013 Participium
1084 1970 1122 2004 in
1134 1969 1207 2005 fine
1220 1970 1382 2014 periodi,
1397 1971 1442 2005 de
1458 1982 1530 2016 quo
1546 1971 1654 2005 docte

317 2015 396 2061 agit
407 2016 614 2062 VVagnerus
627 2017 665 2052 in
679 2030 834 2053 excursu
853 2019 901 2053 ad
913 2019 948 2053 h.
969 2020 991 2053 l.
1002 2046 1011 2064 ‚
1031 2019 1069 2054 in
1083 2019 1252 2055 carminis
1269 2024 1375 2064 parte
1387 2031 1515 2065 parum
1529 2021 1654 2055 elabo-

316 2069 397 2100 rata
415 2077 491 2100 non
508 2077 641 2102 moror.
658 2068 671 2113 ss
690 2068 765 2102 662.
786 2067 886 2116 acies]
906 2069 1032 2104 aciem.
1078 2069 1179 2104 Illud
1197 2070 1311 2104 habet
1329 2069 1439 2104 etiam
1452 2070 1609 2105 Servius.
1626 2071 1638 2116 Η

266 2151 268 2155 ,
318 2115 393 2149 744.
415 2117 538 2150 Teucri
558 2117 673 2165 densa]
695 2118 810 2153 densa
827 2118 970 2153 Teucri.
986 2119 1000 2164 ΙΙ
1018 2119 1093 2154 773.
1110 2121 1217 2164 fixam
1243 2122 1333 2154 lenta
1351 2119 1476 2167 radice]
1490 2119 1599 2154 fixam
1618 2125 1656 2155 et

317 2165 419 2199 lenta
430 2165 468 2200 in
480 2166 616 2202 radice.
631 2168 646 2213 fl
665 2168 739 2202 790.
753 2167 950 2215 certamina]
965 2169 1175 2203 certamine.
1215 2169 1298 2205 Vid.
1312 2169 1532 2204 Ladevieus.
1548 2170 1561 2215 ΙΙ
1578 2170 1655 2204 801.

317 2214 370 2262 ne]
384 2226 464 2250 nec.
508 2214 644 2260 Aptius
658 2217 751 2251 illud
770 2218 1010 2263 sequentibus
1029 2225 1058 2253 et
1072 2219 1151 2253 mihi
1161 2222 1231 2253 etc.
1246 2219 1259 2265 ss
1277 2219 1354 2254 883.
1367 2218 1452 2266 alta]
1466 2219 1655 2254 Mediceus

316 2265 547 2300 ctRomanus
559 2268 638 2309 ima,
653 2268 1023 2312 quodreponendum.
1038 2269 1052 2315 ΙΙ
1069 2268 1145 2303 904.
1155 2269 1398 2316 tollentemque]
1407 2269 1655 2304 tollentemve.

316 2314 477 2349 Restitui
489 2316 687 2352 lectionem
699 2317 874 2362 Medicei‚
901 2329 1010 2363 quem
1024 2318 1129 2363 sequi
1141 2318 1302 2353 fortasse
1321 2322 1488 2363 praestat
1501 2319 1610 2354 etiam
1621 2330 1655 2353 v.

316 2364 394 2408 899,
413 2365 477 2399 ubi
496 2367 594 2400 illum
611 2367 768 2411 praebet
784 2378 852 2412 pro
871 2369 969 2402 illud.
1017 2368 1137 2403 Multa
1155 2368 1250 2403 enim
1271 2380 1381 2414 quum
1400 2368 1568 2403 hocloco
1582 2372 1655 2402 tur-

316 2415 406 2449 bata
419 2425 499 2450 esse
513 2415 723 2461 videantur,
747 2417 862 2452 tutius
876 2417 993 2452 visum
1005 2418 1180 2463 optimum
1193 2418 1358 2454 codicem
1370 2418 1484 2463 sequi.
1529 2417 1656 2453 Veluti

317 2465 441 2508 paullo
455 2469 539 2501 ante
553 2478 585 2501 v.
599 2467 665 2501 873
679 2468 801 2502 malim
815 2468 927 2503 scribi
939 2474 997 2502 aut
1011 2469 1091 2514 quid
1100 2470 1169 2503 iam
1181 2470 1322 2503 miserae
1334 2474 1436 2503 restat
1448 2469 1534 2502 mihi.
1561 2467 1655 2502 Nam

317 2514 438 2549 fateor
449 2527 517 2559 me,
533 2517 738 2562 quodnunc
748 2518 894 2562 legitur,
908 2520 1015 2552 durae
1025 2524 1174 2564 superat,
1187 2529 1262 2553 non
1275 2517 1493 2562 intelligere,
1508 2520 1546 2551 et
1557 2516 1653 2551 falso

317 2563 483 2598 referunt
502 2565 664 2601 Servium
683 2569 790 2602 durae
808 2568 955 2613 legisse.
1008 2567 1104 2603 Nam
1121 2568 1291 2603 Danielis
1309 2571 1407 2602 certe
1427 2566 1575 2601 Servius
1593 2568 1653 2600 mi-

317 2624 413 2647 serae
420 2614 521 2659 legit.
545 2617 682 2651 Verum
689 2618 856 2652 codicum
864 2618 1120 2653 auctoritatem
1126 2617 1241 2662 pluris
1253 2617 1463 2652 habendam
1476 2616 1652 2650 duximus.

385 2664 416 2706 §.
430 2664 483 2698 10.
507 2664 564 2699 Ne
584 2666 672 2710 quid
691 2670 812 2701 autem
829 2667 916 2703 huic
936 2668 1090 2703 editioni
1114 2670 1276 2712 deesset,
1302 2668 1401 2712 quod
1420 2666 1499 2702 iure
1517 2666 1653 2712 requiri

318 2724 429 2759 posse
443 2713 643 2759 videretur,
669 2717 794 2752 addita
809 2722 893 2752 sunt
906 2718 1067 2753 carmina
1081 2730 1174 2764 quae
1187 2718 1327 2753 minora
1341 2717 1528 2762 appellata
1541 2717 1650 2762 volgo
