1794 3042
304 649 363 678 190

303 951 363 980 195

302 1555 364 1586 205

303 1858 366 1887 210

302 2161 366 2190 215

388 286 442 325 34
786 293 826 326 Ρ.
849 290 1076 326 VERGILH
1097 289 1318 326 MARONIS

389 393 566 435 curculio
590 399 710 445 atque
735 391 845 445 inopi
868 397 1052 431 metuens
1078 390 1246 430 formica
1271 397 1467 431 senectae.

444 453 748 506 Contemplator
771 452 886 500 item,
911 455 1004 491 c'um
1029 464 1072 491 se
1095 465 1178 490 nux
1201 450 1374 504 plurima
1398 451 1509 492 silvis

386 515 525 555 induet
547 514 589 553 in
612 513 751 553 florem
776 518 816 552 ct
838 526 972 552 ramos
997 511 1181 552 curvabit
1203 511 1370 552 olentes.

389 575 422 615 si
447 579 637 628 superant
660 573 787 621 fetus,
811 572 962 626 pariter
983 571 1187 612 frumenta
1210 577 1441 624 sequentur,

387 649 615 690 magnaque
639 648 731 674 cum
754 647 903 688 magno
927 633 1062 673 veniet
1085 632 1226 673 tritura
1249 632 1399 676 calore:

388 702 428 736 at
452 696 486 735 si
509 695 667 735 luxuria
689 694 879 735 foliorum
903 693 1096 734 exuberat
1119 692 1276 741 umbra,

387 755 631 809 nequiquam
655 755 818 809 pinguis
841 754 959 808 palea
983 760 1083 794 teret
1106 768 1200 794 area
1223 753 1392 794 culmos.

388 817 543 861 semina
565 816 648 856 vidi
673 815 860 868 equidem
884 815 1032 855 multos
1057 814 1257 854 medicare
1282 819 1460 854 serentes

388 883 428 917 et
450 877 553 917 nitro
576 876 688 930 prius
714 881 754 916 et
776 875 893 929 nigra
916 875 1160 929 perfundere
1185 889 1368 928 amurga,

387 937 577 992 grandior
599 942 644 976 ut
666 936 774 977 fetus
800 936 955 988 siliquis
981 935 1192 975 fallacibus
1218 941 1337 983 esset,

388 1004 445 1046 et,
470 997 656 1050 quamvis
680 996 766 1051 igni
789 996 955 1051 exiguo,
980 1002 1195 1050 properata
1217 996 1436 1036 maderent.

388 1058 470 1098 vidi
493 1058 598 1099 lecta
621 1058 692 1098 diu
715 1063 754 1098 et
777 1057 905 1098 multo
930 1063 1111 1111 spectata
1133 1056 1271 1097 labore

388 1120 632 1174 degenerare
655 1124 809 1167 tamen,
833 1118 912 1158 nisi
935 1118 997 1158 vis
1021 1117 1198 1158 humana
1222 1123 1321 1170 quot
1344 1117 1460 1158 annis

387 1179 565 1220 maxima
587 1193 770 1232 quaeque
795 1193 918 1219 manu
940 1178 1112 1233 legeret3
1137 1178 1196 1219 sic
1219 1178 1354 1219 onmia
1377 1178 1471 1218 fatis

388 1241 430 1280 in
451 1240 568 1295 peius
592 1254 707 1280 ruere
731 1253 779 1280 ac
802 1245 907 1280 retro
932 1239 1124 1293 sublapsa
1146 1239 1287 1280 referri
1295 1255 1305 1288 3

387 1315 468 1341 non
491 1301 622 1350 aliter,
647 1315 770 1353 quam
793 1300 862 1352 qui
887 1300 1057 1340 adverso
1081 1300 1150 1340 vix
1172 1299 1336 1340 flumine
1361 1298 1539 1339 lembum

387 1361 565 1416 remigiis
591 1360 759 1415 subigit,
786 1360 820 1401 si
843 1359 1008 1400 brachia
1031 1359 1134 1400 forte
1156 1359 1322 1408 remisit,

389 1428 509 1474 atque
532 1421 646 1461 illum
669 1420 712 1460 in
733 1434 929 1474 praeceps
954 1434 1080 1474 prono
1103 1420 1208 1474 rapit
1231 1420 1370 1461 alveus
1395 1419 1515 1460 amni.

443 1481 659 1522 Praeterea
683 1486 766 1521 tarn
791 1487 885 1522 sunt
907 1479 1075 1521 Arcturi
1099 1480 1232 1521 sidera
1253 1480 1372 1521 nobis

388 1542 707 1594 Haedorumque
731 1541 817 1582 dies
843 1541 1032 1582 servandi
1055 1546 1095 1582 et
1117 1541 1275 1582 lucidus
1298 1540 1476 1596 Anguis,

388 1617 510 1655 quam
534 1602 681 1655 quibus
705 1602 748 1642 in
769 1602 942 1656 patriam
965 1608 1135 1643 ventosa
1155 1616 1230 1656 per
1252 1616 1429 1655 aequora
1450 1601 1576 1642 vectis

388 1663 546 1704 Pontus
571 1669 610 1704 et
634 1662 809 1704 ostriferi
832 1662 971 1703 fauces
996 1668 1200 1703 tentantur
1222 1661 1376 1717 Abydi.

385 1723 517 1764 Libra
529 1724 615 1764 dies
627 1723 837 1776 somnique
859 1737 978 1777 pares
1002 1723 1073 1764 ubi
1095 1723 1236 1764 fecerit
1258 1723 1392 1772 horas,

392 1790 433 1824 et
455 1783 634 1824 medium
657 1783 738 1824 luci
761 1790 882 1836 atque
905 1783 1060 1825 umbris
1083 1784 1165 1824 iam
1188 1784 1331 1825 dividit
1355 1784 1507 1832 orbem,

391 1850 591 1893 exercete,
616 1844 709 1894 viri,
734 1850 889 1893 tauros,
916 1845 1035 1885 serite
1058 1844 1210 1886 hordea
1233 1846 1399 1899 campis,

389 1918 518 1957 usque
543 1904 618 1945 sub
643 1910 867 1945 extremum
890 1904 1056 1946 brumae
1079 1905 1340 1946 intractabilis
1365 1905 1554 1955 imbrem3

389 1980 463 2006 nce
486 1979 567 2005 non
591 1971 630 2005 et
652 1964 723 2012 lini
748 1971 928 2020 segetem
951 1971 991 2006 et
1016 1965 1184 2007 Cereale
1207 1980 1388 2020 papaver

389 2033 548 2079 tempus
573 2025 696 2065 humo
720 2030 855 2080 tegere
880 2031 920 2066 et
942 2025 1179 2066 iamdudum
1202 2026 1434 2067 incumbere
1458 2027 1613 2075 aratris,

389 2086 486 2126 dum
511 2085 618 2126 sicca
641 2085 780 2126 tellure
803 2085 913 2135 licet,
939 2086 1037 2126 dum
1059 2086 1198 2127 nubila
1220 2087 1407 2140 pendent.

389 2161 483 2188 vere
506 2146 612 2187 fabis
637 2146 738 2187 satio
746 2162 757 2196 ;
781 2151 867 2186 tum
890 2152 930 2187 te
953 2160 1133 2200 quoque,
1158 2147 1340 2196 Medica,
1364 2154 1502 2201 putres

389 2207 590 2261 accipiunt
614 2206 715 2248 sulci
738 2212 778 2247 et
800 2207 910 2248 milio
933 2207 1044 2248 venit
1067 2223 1201 2249 annua
1225 2222 1332 2259 cura,

390 2268 585 2309 candidus
610 2267 758 2308 auratis
783 2268 912 2322 aperit
934 2282 1028 2308 cum
1051 2268 1240 2309 cornibus
1266 2283 1417 2309 annum

391 2329 550 2370 Taurus
576 2334 616 2369 et
639 2329 809 2370 adverso
833 2329 981 2370 cedens
1007 2328 1132 2370 Canis
1158 2330 1304 2370 occidit
1327 2335 1448 2371 astro.

390 2396 431 2430 at
455 2389 489 2431 si
513 2389 708 2430 triticeam
731 2389 774 2429 in
797 2403 973 2430 messem
996 2389 1242 2443 robustaque
1266 2390 1374 2431 farra

391 2449 596 2491 exercebis
621 2449 789 2490 humum
814 2450 991 2503 solisque
1015 2450 1184 2492 instabis
1209 2451 1354 2500 aristis,

390 2516 482 2551 ante
506 2510 579 2552 tibi
609 2524 706 2552 eoae
738 2509 969 2552 Atlantides
993 2511 1304 2560 abscondantur,

392 2569 627 2624 Gnosiaque
651 2571 826 2612 ardentis
852 2571 1021 2613 decedat
1045 2572 1161 2613 stella
1186 2571 1384 2620 Coronae,

389 2631 525 2671 debita
548 2645 670 2684 quam
694 2631 816 2672 sulcis
841 2632 1068 2674 committas
1093 2632 1264 2680 semina,
1289 2645 1492 2684 quamque

390 2691 537 2732 invitae
559 2705 749 2745 properes
774 2693 867 2733 anni
891 2707 1006 2746 spem
1029 2693 1190 2735 eredere
1213 2698 1353 2734 terrae.
