1794 3048
312 257 395 299 216
713 267 754 301 P.
774 266 1005 302 VERGILH
1022 265 1245 303 MARONIS

314 381 391 418 „ne
413 373 507 422 pete
538 364 710 407 conubis
741 373 877 408 natam
904 367 1058 408 sociare
1081 367 1256 417 Latinis,

311 442 336 468 o
360 442 451 469 mea
473 427 707 483 progenies,
732 427 920 469 thalamis
943 442 1024 469 neu
1047 428 1166 469 crede
1188 428 1338 483 paratis
1346 444 1358 479 3

311 488 466 529 externi
489 488 657 529 veniunt
679 488 837 543 generi,
862 488 932 542 qui
956 488 1153 543 sanguine
1176 494 1359 530 nostrum

310 563 460 590 nomen
482 548 524 589 in
547 554 657 590 astra
680 549 830 599 ferant,
855 563 1109 603 quorumque
1133 549 1184 591 ab
1209 550 1333 605 stirpe
1356 556 1523 606 nepotes

223 621 287 652 100
311 609 448 650 omnia
471 608 548 651 sub
570 609 763 664 pedibus,
788 623 870 663 qua
893 609 954 651 sol
977 616 1194 664 utrumque
1216 625 1428 653 recurrens

309 670 454 725 aspicit
479 668 710 720 Oceanum,
736 670 918 724 vertique
941 671 1109 726 regique
1138 671 1373 713 videbunt.“

307 730 410 772 haec
432 745 628 785 responsa
650 731 776 786 patris
798 731 932 773 Fauni
954 732 1212 786 monitusque
1237 732 1370 773 silenti

307 798 428 833 nocte
451 792 568 833 datos
591 806 674 833 non
697 792 785 846 ipse
810 806 884 833 suo
907 792 1053 847 premit
1076 807 1145 834 ore
1168 793 1357 842 Latinus,

309 853 382 894 sed
405 851 556 893 circum
578 852 659 894 late
682 852 854 894 volitans
878 853 960 894 iam
982 853 1094 894 fama
1116 867 1188 908 per
1210 853 1332 895 urbes

223 926 284 957 105
306 912 515 954 Ausonias
539 913 703 963 tulerat,
729 928 823 954 cum
844 914 1143 955 Laomedontia
1166 913 1295 968 pubes

307 970 516 1029 gramineo
540 974 650 1029 ripae
673 974 860 1029 religavit
883 974 935 1016 ab
959 989 1110 1030 aggere
1134 975 1320 1016 classem.

363 1034 529 1076 Aeneas
552 1035 753 1089 primique
777 1036 902 1076 duces
928 1041 967 1076 et
989 1035 1158 1090 pulcher
1179 1035 1294 1077 Iulus

309 1110 479 1150 corpora
502 1095 578 1137 sub
601 1095 724 1137 ramis
749 1096 957 1150 deponunt
980 1095 1134 1137 arboris
1159 1096 1276 1145 altae,

307 1157 603 1210 instituuntque
626 1156 752 1211 dapes
777 1163 817 1197 et
840 1157 987 1198 adorea
1009 1156 1093 1198 liba
1115 1171 1188 1211 per
1210 1157 1379 1198 herbam

224 1230 285 1260 110
309 1217 515 1259 subiciunt
537 1217 686 1271 epulis,
711 1242 766 1247 --
790 1217 849 1258 sic
878 1217 1062 1271 Iuppiter
1084 1217 1151 1258 ille
1175 1217 1366 1259 monebat
1389 1242 1444 1248 —-

307 1284 347 1319 et
370 1276 524 1319 cereale
550 1277 680 1318 solum
703 1278 836 1332 pomis
861 1277 1090 1332 agrestibus
1115 1284 1277 1333 augent.

309 1338 562 1393 consumptis
586 1337 652 1379 hic
675 1337 780 1379 forte
804 1337 912 1388 aliis,
938 1344 984 1379 ut
1006 1344 1162 1379 vertere
1186 1353 1346 1380 morsus

307 1400 499 1455 exiguam
521 1399 563 1440 in
587 1413 765 1440 cererem
787 1399 956 1454 penuria
979 1400 1116 1454 adegit
1139 1399 1286 1440 edendi

307 1466 348 1501 et
370 1460 521 1501 violare
544 1475 667 1501 manu
691 1460 890 1514 malisque
913 1460 1136 1502 audacibus
1161 1460 1301 1502 orbe‘m

180 1534 183 1536 ’
222 1535 283 1565 115
307 1521 443 1563 fatalis
468 1522 611 1572 crusti,
636 1522 785 1577 patulis
809 1537 885 1564 nec
907 1537 1073 1577 parcere
1096 1522 1280 1576 quadris:

310 1582 456 1633 „heus,
482 1583 603 1624 etiam
627 1597 790 1624 mensas
815 1583 1090 1625 consumimus
1102 1586 1122 1605 ‘⁴
1148 1583 1279 1637 inquit
1301 1582 1436 1634 Iulus3

307 1658 384 1685 nec
405 1644 524 1699 plura
546 1644 757 1686 adludens.
783 1659 832 1686 ea
855 1659 936 1686 vox
960 1645 1098 1686 audita
1119 1644 1306 1686 laborum

306 1705 439 1759 prima
462 1705 554 1745 tulit
576 1705 716 1755 finem,
741 1706 995 1760 primamque
1017 1706 1219 1759 loquentis
1243 1705 1295 1747 ab
1320 1719 1389 1747 ore

308 1766 455 1821 eripuit
476 1772 592 1821 pater
615 1781 662 1808 ac
687 1767 938 1822 stupefactus
962 1768 1127 1808 numine
1150 1767 1310 1822 pressit.

221 1840 284 1870 120
308 1828 499 1868 continuo
525 1827 663 1878 „salve
687 1827 782 1869 fatis
806 1829 905 1869 mihi
929 1828 1067 1870 debita
1090 1828 1222 1877 tellus,

306 1890 509 1942 vosque,“
535 1888 591 1929 ait
616 1903 666 1939 „o
689 1889 761 1929 fidi
785 1889 932 1930 Troiae
957 1889 1110 1930 salvete
1133 1889 1327 1929 Penates:

306 1949 373 1990 hic
397 1950 561 1998 domus,
586 1949 688 1990 haec
710 1950 840 2004 patria
863 1955 937 1991 est.
961 1950 1120 2004 genitor
1142 1949 1242 1989 mihi
1265 1948 1359 1989 talia
1382 1961 1570 2001 namque,

307 2024 415 2051 nunc
438 2015 595 2064 repeto,
619 2009 824 2051 Anchises
849 2009 1026 2051 fatorum
1050 2024 1197 2051 arcana
1218 2009 1398 2062 reliquitz

307 2085 401 2111 cum
425 2076 483 2120 te,
508 2076 619 2120 nate,
645 2070 775 2111 fames
799 2071 939 2126 ignota
962 2070 1015 2112 ad
1037 2070 1154 2111 litora
1176 2075 1339 2110 vectum

221 2144 283 2174 125
308 2131 452 2173 accisis
477 2137 595 2186 coget
618 2131 791 2186 dapibus
816 2145 1054 2173 consumere
1077 2145 1253 2180 mensae,

306 2198 395 2234 tum
419 2206 581 2247 sperare
605 2193 748 2237 domos
774 2192 980 2242 defessus,
1004 2192 1142 2246 ibique
1166 2197 1368 2232 memento

306 2253 439 2308 prima
460 2253 594 2294 locare
617 2268 743 2298 manu
765 2253 976 2307 molirique
1001 2267 1151 2309 aggere
1175 2258 1292 2293 tecta.

306 2313 409 2355 haec
432 2320 518 2355 erat
539 2314 609 2355 illa
632 2315 781 2364 fames,
807 2315 908 2356 haec
931 2329 1006 2356 nos
1031 2328 1222 2369 suprema
1244 2312 1446 2362 manebat,

308 2375 441 2416 exitiis
464 2375 647 2430 positura
670 2376 848 2417 modum.

223 2449 284 2480 130
309 2449 434 2490 quare
457 2436 566 2491 agite
591 2443 631 2477 et
652 2437 782 2491 primo
806 2436 902 2478 lacti
925 2451 1018 2477 cum
1041 2436 1192 2477 lumine
1217 2435 1326 2484 solis,

307 2510 412 2550 quae
434 2497 542 2546 loca,
567 2497 689 2551 quive
713 2497 890 2538 habeant
912 2497 1116 2547 homines,
1141 2496 1212 2538 ubi
1234 2494 1394 2537 moenia
1415 2493 1562 2550 gentis,

308 2559 559 2614 vestigemus
585 2565 625 2600 et
648 2574 673 2600 a
694 2565 815 2614 portu
837 2559 999 2600 diversa
1020 2565 1220 2614 petamus.

307 2633 416 2660 nunc
437 2626 596 2674 pateras
622 2619 747 2663 libate
769 2620 878 2670 Iovi,
902 2620 1171 2675 precibusque
1194 2622 1337 2659 vocate

309 2679 519 2722 Anchisen
542 2681 766 2735 genitorem
790 2687 830 2722 et
851 2681 947 2725 vina
969 2680 1148 2735 reponite
1172 2678 1365 2721 mensis.“
