1800 3080
728 291 871 328 CIRIS.
1398 283 1484 327 369

110 398 415 453 laudanturque
439 396 574 440 bonae
597 396 714 453 pacis
737 396 868 448 bona3
893 396 1048 439 multus
1072 396 1238 453 ineptae

111 461 286 519 virginis
310 460 478 503 insolito
503 475 639 503 sermo
663 474 798 502 novus
824 466 933 502 errat
956 460 1000 502 in
1023 474 1107 503 ore.

109 538 222 566 nunc
245 529 420 566 tremere
443 522 636 565 instantis
660 521 759 564 belli
783 523 1010 566 certamina
1033 523 1132 565 dicit

110 600 458 641 communemque
481 585 627 627 timere
651 585 794 636 deum,
819 600 931 628 nunc
953 585 1066 643 regis
1091 586 1248 637 amicis,

109 663 222 691 nunc
244 648 326 704 ipsi
349 647 481 690 verita
504 653 587 699 est,
614 646 763 690 orbum
787 647 859 689 fiet
882 654 1043 690 maesta
1067 654 1296 704 parentem.
1511 661 1577 694 360

113 709 229 767 [cum
252 710 354 752 Iove
378 724 620 752 communes
646 710 718 765 qui
741 710 953 765 quondam
976 709 1160 753 habuere
1183 708 1398 767 nepotes3]

110 788 222 815 nunc
246 773 372 815 etiam
396 773 573 815 conficta
596 773 693 815 dolo
717 773 935 815 mendacia
958 773 1070 830 turpi

110 836 269 878 invenit
293 842 334 878 et
358 836 499 878 divom
523 842 648 878 terret
671 835 893 878 formidine
917 836 1050 888 cives3
1083 879 1090 885 ,,

110 914 222 941 nunc
245 899 328 941 alia
351 914 404 941 ex
427 898 538 950 aliis,
563 914 642 941 nec
665 899 835 950 desunt,
861 899 1002 942 omina
1025 899 1200 954 quaerit.

110 962 213 1017 quin
236 962 362 1004 etiam
386 968 522 1004 castos
547 977 651 1004 ausa
674 967 739 1004 est
762 976 1026 1017 corrumpere
1050 968 1183 1012 vates,
1512 974 1578 1006 365

111 1031 175 1075 ut,
201 1039 298 1066 cum
322 1038 445 1066 caesa
466 1023 537 1079 pio
562 1024 782 1066 cecidisset
805 1024 976 1066 victima
998 1023 1122 1074 ferro,

111 1093 242 1137 esset,
268 1085 341 1140 qui
363 1100 566 1142 generum
589 1085 738 1128 Minoa
760 1085 1000 1128 auctoribus
1025 1086 1132 1128 extis

111 1149 283 1206 iungere
308 1154 350 1190 et
373 1148 575 1204 aucipites
601 1148 794 1190 suaderet
818 1148 961 1190 tollere
985 1163 1164 1205 pugnas.

167 1211 230 1253 At
252 1210 410 1261 nutrix,
435 1210 579 1266 patula
602 1224 857 1266 componens
884 1210 1044 1253 sulfura
1068 1217 1188 1261 testa,

111 1273 344 1315 narcissum
368 1273 608 1327 casiamque
631 1272 783 1315 herbas
809 1273 1026 1315 contundit
1049 1273 1222 1323 olentes,
1512 1285 1578 1316 370

112 1342 256 1390 terque
280 1349 442 1377 novena
464 1334 568 1391 ligat
592 1335 742 1390 triplici
766 1335 932 1376 diversa
956 1334 1092 1377 colore

112 1397 199 1438 fila:
228 1403 317 1449 „ter
339 1396 384 1438 in
406 1396 614 1453 gremium
637 1399 828 1438 mecum“
854 1397 989 1451 inquit
1015 1397 1200 1452 „despue
1226 1397 1358 1452 virgo.

115 1459 301 1514 „despue
326 1465 406 1510 ter,
431 1458 568 1515 virgo:
593 1473 767 1500 numero
791 1458 894 1500 deus
920 1459 1065 1514 inpare
1089 1459 1285 1515 gaudet.“

110 1521 207 1563 inde
231 1521 324 1563 Iovi
347 1536 502 1577 magno
525 1521 712 1578 geminat
737 1519 945 1577 Stygialia
969 1535 1100 1571 sacra,

113 1598 232 1626 sacra
254 1598 331 1626 nec
355 1582 511 1625 Aeaeis
538 1583 708 1626 senibus
733 1598 812 1626 nec
836 1583 1004 1639 cognita
1029 1582 1176 1634 Grais3
1510 1595 1577 1626 375

110 1646 265 1703 pergit,
290 1645 524 1701 Amyclaeo
550 1661 751 1703 spargens
776 1645 922 1688 altaria
946 1646 1085 1696 thallo,

111 1709 222 1766 regis
246 1708 438 1751 Iolciacis
463 1708 648 1750 animum
672 1708 854 1765 defigere
878 1709 1000 1751 votis.

111 1786 258 1813 verum
283 1770 356 1813 ubi
378 1770 494 1813 nulla
517 1777 658 1813 movet
682 1771 875 1814 stabilem
898 1771 1064 1813 fallacia
1086 1771 1248 1819 Nisum,

111 1847 189 1875 nec
211 1839 389 1889 possunt
411 1833 620 1884 homines,
646 1848 724 1876 nec
746 1840 925 1889 possunt
947 1833 1112 1875 flectere
1136 1831 1221 1873 divi
1245 1855 1300 1860 ——

112 1901 227 1936 tanta
250 1901 314 1937 est
337 1895 381 1936 in
402 1910 532 1951 parvo
556 1895 710 1938 fiducia
733 1896 845 1938 crine
870 1896 1046 1938 cavendi
1068 1919 1123 1924 —-
1508 1905 1575 1936 380

111 1972 255 1999 rursus
280 1957 334 1999 ad
357 1958 570 2014 inceptum
594 1958 752 2001 sociam
777 1973 822 2001 se
844 1958 979 2015 iungit
1003 1957 1170 1998 alumna

110 2033 448 2075 purpureumque
471 2026 590 2076 parat
612 2036 757 2063 rursus
782 2021 952 2063 tondere
976 2017 1190 2072 capillum3

111 2081 234 2132 haec,
258 2082 386 2139 longo
409 2083 523 2137 quod
546 2083 630 2125 iam
654 2090 794 2139 captat
818 2094 1053 2125 succurrere
1079 2079 1222 2129 amori,

111 2158 195 2186 non
218 2144 356 2186 minus
380 2145 451 2187 illa
474 2152 632 2196 tamen,
657 2146 800 2188 revehi
823 2143 935 2199 quod
957 2141 1122 2183 moenia
1148 2140 1305 2183 Cressa

111 2205 311 2261 gaudeat:
337 2213 378 2248 et
402 2207 529 2248 cineri
551 2208 686 2263 patria
710 2214 774 2249 est
795 2204 976 2248 iucunda
999 2203 1176 2258 sepulto.
1508 2217 1574 2247 385

167 2267 287 2323 Ergo
310 2268 459 2309 iterum
484 2269 611 2324 capiti
636 2268 778 2324 Scylla
801 2272 864 2308 est
886 2265 1055 2306 inimica
1077 2271 1263 2320 paterno.

113 2337 203 2372 tum
227 2345 347 2373 coma
372 2330 546 2373 Sidonio
571 2332 720 2373 florens
746 2327 970 2371 succiditur
993 2334 1126 2378 ostro3

114 2400 203 2433 turn
227 2393 388 2448 capitur
409 2393 588 2449 Megara
612 2400 652 2434 et
675 2392 815 2433 divom
837 2404 1040 2444 responsa
1062 2388 1308 2445 probantur3

114 2461 202 2495 tum
227 2469 431 2510 suspensa
453 2470 563 2496 novo
585 2455 666 2496 ritu
689 2453 740 2493 de
763 2450 939 2493 navibus
965 2451 1059 2493 altis

113 2531 189 2572 per
211 2532 325 2559 mare
350 2517 585 2559 caeruleum
610 2514 782 2556 trahitur
803 2512 947 2555 Niseia
969 2513 1102 2570 virgo.
1506 2525 1573 2557 390

113 2578 347 2634 complures
371 2579 484 2620 illam
507 2576 714 2633 nymphae
737 2575 939 2617 mirantur
960 2575 1005 2617 in
1027 2575 1164 2626 undis,

113 2640 284 2682 miratur
305 2647 424 2696 pater
448 2639 645 2682 Oceanus
670 2644 711 2679 et
734 2637 912 2679 candida
936 2637 1097 2693 Tethys

114 2708 155 2743 et
177 2702 350 2758 cupidas
375 2716 517 2744 secum
540 2700 705 2756 rapiens
732 2698 910 2742 Galatea
933 2714 1116 2750 sorores;

113 2762 226 2805 illam
249 2764 393 2814 etiam,
417 2763 568 2805 iunctis
593 2777 793 2818 magnum
817 2776 924 2816 quae
946 2761 1134 2818 piscibus
1159 2776 1315 2816 aequor

187 2840 337 2875 Veryr'lius.
1196 2833 1243 2868 24
