1780 3074
572 281 832 319 AENEIDOS
850 281 950 317 LIB.
969 281 999 317 L

106 390 270 432 Italiam
293 388 450 430 dixisse
474 386 591 428 ducis
615 386 668 428 de
690 385 858 427 nomine
880 391 1060 441 gentem.

100 452 174 503 hic
198 465 343 493 cursus
367 449 466 491 fuit:

107 528 203 555 cum
228 512 364 554 subito
389 511 622 566 adsurgens
646 509 776 551 fluctu
798 508 1014 551 nimbosus
1041 506 1176 551 Orion

107 575 149 617 in
173 575 282 616 vada
305 588 430 616 caeca
452 572 563 622 tulit,
589 572 837 627 penitusque
861 570 1106 626 procacibus
1131 571 1282 614 austris

106 651 261 693 perque
287 636 438 685 undas,
465 640 684 690 superante
710 633 817 684 salo,
842 647 999 689 perque
1022 632 1135 675 invia
1159 648 1262 675 saxa

106 698 295 754 dispulit3
319 697 402 739 huc
429 696 552 752 pauci
576 696 725 737 vestris
750 695 997 737 adnavimus
1022 695 1118 737 oris.

107 761 219 815 quod
230 775 363 816 genus
375 759 454 800 hoc
466 757 706 800 hominum?
725 771 884 811 quaeve
898 757 1010 799 hunc
1022 763 1108 799 tam
1126 757 1302 800 barbam
1313 772 1470 799 morem

106 822 304 878 permittit
326 820 484 877 patria?
506 819 685 874 hospitio
708 818 975 874 prohibemur
997 833 1166 871 arenae3

107 884 216 926 bella
239 883 363 933 cient,
389 882 604 937 primaque
628 886 770 922 vetant
793 881 1020 923 consistere
1044 887 1165 923 terra.

108 946 144 987 si
166 960 298 1002 genus
322 944 550 985 humanum
574 949 614 984 et
638 943 827 985 mortalia
850 943 1031 984 temnitis
1057 959 1184 994 arma,

106 1013 149 1049 at
172 1012 333 1062 sperate
357 1006 457 1047 deos
482 1019 687 1046 memores
711 1004 829 1046 fandi
852 1010 977 1059 atque
1000 1005 1183 1047 nefandi.

104 1083 178 1111 rex
201 1074 288 1110 erat
310 1066 479 1109 Aeneas
504 1066 645 1116 nobis,
671 1081 754 1121 quo
777 1067 925 1108 iustior
947 1066 1063 1118 alter,

104 1144 182 1172 nec
203 1131 355 1186 pietate
379 1129 458 1170 fuit
481 1143 560 1171 nec
582 1128 693 1171 bello
716 1129 848 1171 maior
871 1135 913 1171 et
935 1129 1074 1171 armis.

104 1206 229 1247 quem
253 1191 289 1233 si
311 1191 399 1232 fata
421 1191 558 1232 virum
583 1197 769 1241 servant,
796 1191 833 1233 si
855 1191 1038 1233 vescitur
1061 1207 1162 1233 aura

104 1254 302 1305 aetheria,
327 1268 462 1307 neque
486 1253 622 1295 adhuc
646 1253 883 1297 crudelibus
908 1253 1085 1296 occubat
1107 1253 1280 1304 umbris,

104 1330 187 1358 non
209 1321 363 1365 metus,
389 1315 528 1357 officio
552 1329 630 1356 nec
653 1321 694 1356 te
719 1321 900 1357 certasse
923 1316 1103 1371 priorem

103 1377 321 1433 paeniteat.
348 1382 444 1418 sunt
468 1382 509 1418 et
533 1375 686 1419 Siculis
709 1377 950 1432 regionibus
974 1377 1098 1419 urbes

104 1453 303 1494 arvaque,
329 1438 592 1492 Troianoque
616 1453 642 1480 a
666 1438 867 1494 sanguine
892 1438 1027 1480 clarus
1051 1438 1245 1490 Acestes.

104 1506 343 1555 quassatam
365 1500 499 1542 ventis
523 1500 646 1541 liceat
669 1499 900 1542 subducere
926 1500 1116 1551 classem,

104 1568 146 1604 et
169 1562 283 1604 silvis
308 1568 450 1617 aptare
473 1561 612 1603 trabes
637 1567 679 1603 et
703 1562 904 1618 stringere
927 1577 1080 1613 remos,

105 1623 141 1665 si
163 1624 284 1665 datur
306 1623 488 1674 Italiam,
516 1623 638 1665 sociis
664 1629 704 1665 et
726 1638 826 1680 rege
848 1630 1028 1679 recepto,

105 1685 290 1736 tendere,
314 1691 362 1726 ut
383 1685 548 1726 Italiam
571 1685 669 1727 laeti
690 1686 945 1740 Latiumque
968 1692 1173 1741 petamus,

105 1747 170 1789 sin
192 1746 413 1802 absumpta
437 1747 569 1797 salus,
594 1753 636 1789 et
659 1753 718 1798 te,
747 1754 866 1802 pater
890 1748 1044 1803 optime
1070 1748 1295 1799 Teucrum,

103 1815 255 1865 pontus
279 1809 405 1851 habet
427 1809 610 1864 Libyae,
635 1824 713 1852 nec
738 1825 834 1865 spes
858 1811 942 1852 iam
965 1817 1095 1853 restat
1117 1811 1211 1862 Iuli,

104 1879 147 1912 at
169 1870 276 1912 freta
301 1869 492 1913 Sicaniae
517 1871 664 1913 saltem
689 1872 894 1926 sedesque
916 1879 1096 1928 paratas,

104 1933 214 1975 unde
237 1933 319 1975 huc
342 1933 522 1984 advecti,
547 1949 770 1990 regemque
795 1940 986 1990 petamus
1011 1934 1238 1977 Acesten.“

105 1995 254 2037 talibus
278 1995 480 2047 Hioneus3
506 1996 642 2038 cuncti
667 1997 791 2038 simul
814 2011 884 2039 ore
907 1997 1140 2039 fremebant

104 2057 382 2099 Dardanidae.

161 2119 272 2160 Tum
295 2119 474 2162 breviter
494 2120 627 2171 Dido,
652 2121 811 2163 voltum
836 2122 1036 2173 demissa,
1062 2123 1268 2178 profatur:

107 2180 279 2232 „solvite
303 2182 425 2223 corde
448 2188 623 2233 metum,
649 2183 820 2233 Teucri,
847 2185 1046 2225 secludite
1072 2199 1204 2226 curas.

105 2257 170 2284 res
195 2243 298 2284 dura
322 2249 362 2284 et
384 2244 502 2298 regni
524 2245 686 2286 novitas
711 2260 778 2286 me
803 2246 901 2287 talia
924 2252 1080 2302 cogunt

106 2303 240 2345 moliri
263 2309 304 2344 et
326 2303 408 2345 late
431 2305 525 2346 finis
551 2306 724 2347 custode
747 2307 866 2348 tueri.

106 2365 199 2419 quis
223 2379 356 2420 genus
380 2363 647 2416 Aeneadum,
673 2367 767 2420 quis
792 2368 943 2409 Troiae
966 2368 1126 2409 nesciat
1149 2368 1308 2417 urbem,

107 2426 361 2480 virtutesque
384 2426 596 2480 virosque,
622 2433 695 2468 aut
717 2428 821 2468 tanti
843 2428 1035 2470 incendia
1057 2429 1180 2470 belli?

107 2502 191 2529 non
214 2487 392 2530 obtunsa
415 2488 519 2529 adeo
542 2494 756 2543 gestamus
779 2495 948 2543 pectora
970 2489 1117 2542 Poeni,

108 2563 185 2591 nec
207 2555 292 2591 tam
316 2563 486 2591 aversus
512 2563 642 2603 equos
667 2549 795 2605 Tyria
820 2549 895 2592 Sol
917 2550 1054 2606 iungit
1076 2550 1130 2592 ab
1154 2550 1269 2592 urbe.

110 2625 185 2652 seu
206 2626 281 2653 vos
306 2610 556 2666 Hesperiam
579 2626 775 2666 magnam
801 2610 1078 2666 Saturniaque
1102 2627 1213 2662 arva,

111 2672 198 2713 sive
219 2672 370 2728 Erycis
394 2673 488 2715 finis
511 2687 736 2729 regemque
761 2673 911 2728 optatis
935 2672 1134 2724 Acesten,

112 2733 263 2776 auxilio
288 2741 397 2777 tutos
422 2735 646 2786 dimittam,
673 2735 904 2790 opibusque
927 2735 1092 2778 iuvabo.

1387 272 1470 314 103

1495 521 1561 553 535

1495 833 1561 863 540

1496 1142 1561 1173 515

1496 1454 1562 1484 550

1496 1763 1561 1793 555

1495 2073 1561 2104 560

1495 2381 1561 2410 565

1494 2688 1560 2718 570
