1794 3048
268 662 332 694 385

267 967 332 998 390

269 1273 332 1304 395

359 296 444 344 200
761 303 801 338 P.
821 303 1052 340 VERGILH
1070 301 1294 340 MARONIS

358 413 648 459 aeternumque
671 404 786 445 loeus
810 403 995 445 Palinuri
1018 418 1167 445 nomen
1189 403 1394 447 habebit.“

356 468 421 508 his
446 466 564 507 dictis
589 478 709 506 curae
735 470 911 514 emotae,
936 464 1161 519 pulsusque
1184 479 1403 520 parumper

357 527 477 569 corde
501 525 615 567 dolor
638 525 762 575 tristi3
786 525 940 580 gaudet
963 525 1346 580 cognomine-terra.

411 588 527 643 Ergo
550 587 626 628 iter
648 586 855 640 inceptum
877 592 1096 642 peragunt,
1122 587 1327 641 fluvioque
1350 588 1634 643 propinquant.

355 649 494 691 navita
517 662 619 701 quos
645 647 726 688 iam
750 647 844 688 inde
868 653 913 688 ut
938 645 1086 703 Stygia
1107 648 1317 703 prospexit
1340 648 1392 690 ab
1416 650 1525 691 unda

354 725 428 766 per
451 709 618 766 tacitum
643 723 787 749 nemus
811 708 870 749 ire
893 709 1122 763 pedemque
1146 709 1355 751 advertere
1377 710 1502 764 ripae,

357 772 416 813 sic
440 770 550 825 prior
573 769 811 825 adgreditur
834 769 953 810 dictis
979 776 1100 823 atque
1124 770 1306 824 increpat
1328 770 1451 812 ultro:

358 831 569 886 „quisquis
594 845 656 880 es,
682 836 861 872 armatus
886 831 955 884 qui
979 837 1119 872 nostra
1141 831 1195 872 ad
1217 831 1384 872 flumina
1408 832 1552 882 tendis,

355 894 442 935 fare
466 907 561 948 age,
587 891 686 945 quid
708 891 868 942 venias,
893 891 975 932 iam
998 892 1138 942 istinc,
1164 897 1205 933 et
1228 892 1434 947 conprime
1457 908 1658 948 gressum.

357 953 593 996 umbrarum
617 952 683 993 hic
706 952 821 994 locus
846 958 926 1002 est,
953 953 1086 994 somni
1108 953 1322 1007 noctisque
1347 968 1535 1008 soporae3

357 1029 526 1070 corpora
549 1014 643 1055 viva
666 1013 783 1055 nefas
810 1012 957 1069 Stygia
980 1020 1142 1055 vectare
1165 1014 1313 1055 carina.

355 1091 432 1118 nec
455 1090 552 1117 vero
581 1074 758 1116 Alciden
781 1090 847 1116 me
873 1090 964 1117 sum
988 1075 1161 1117 laetatus
1186 1081 1348 1117 euntem

356 1137 564 1192 accepisse
587 1136 698 1186 lacu,
723 1150 800 1178 nec
823 1136 988 1178 Thesea
1009 1136 1330 1190 Pirithoumque,

357 1199 419 1240 dis
444 1211 692 1252 quamquam
716 1197 843 1253 geniti
867 1203 988 1251 atque
1011 1197 1153 1238 invicti
1175 1197 1329 1239 viribus
1355 1206 1502 1240 essent.

359 1260 602 1301 Tartareum
625 1259 692 1300 ille
716 1273 840 1300 manu
865 1259 1077 1300 custodem
1100 1259 1143 1299 in
1164 1259 1299 1300 vinela
1323 1259 1468 1314 petivit

330 1374 334 1376 -
355 1321 485 1376 ipsius
510 1336 535 1362 a
559 1320 660 1362 solio
683 1320 811 1374 regis,
837 1320 1039 1374 traxitque
1063 1326 1301 1362 trementem
1309 1337 1320 1370 ;

267 1579 332 1610 400

267 1884 332 1914 405

266 2187 331 2218 410

266 2493 330 2522 415

356 1383 399 1423 hi
422 1381 630 1424 dominam
653 1380 765 1422 Ditis
790 1380 969 1422 thalamo
992 1381 1193 1422 deducere
1218 1381 1386 1422 adorti.“

356 1458 461 1498 quae
486 1449 626 1484 contra
649 1442 827 1484 breviter
849 1442 935 1484 fata
958 1448 1021 1484 est
1043 1441 1298 1498 Amphrysia
1321 1449 1454 1486 vates:

360 1505 520 1556 „nullae
543 1504 610 1546 hic
633 1504 805 1546 insidiae
829 1504 950 1554 tales,
976 1503 1129 1546 absiste
1153 1504 1326 1554 moveri3

356 1580 431 1607 nee
455 1566 539 1607 vim
563 1565 643 1606 tela
667 1565 820 1616 serunt3
845 1565 940 1606 licet
961 1565 1108 1621 ingens
1131 1565 1278 1606 ianitor
1300 1571 1416 1607 antro

357 1633 567 1668 aeternum
590 1626 742 1667 latrans
767 1626 988 1681 exsanguis
1013 1632 1161 1667 terreat
1184 1625 1364 1676 umbras,

357 1694 470 1730 casta
492 1688 586 1729 licet
609 1688 744 1742 patrui
767 1694 902 1729 servet
924 1688 1172 1743 Proserpina
1194 1688 1330 1729 limen.

356 1749 505 1790 Troius
530 1748 715 1799 Aeneas,
739 1749 889 1804 pietate
913 1745 1085 1805 insignis
1110 1754 1150 1790 et
1173 1749 1309 1799 armis,

356 1810 409 1851 ad
431 1810 658 1865 genitorem
681 1810 785 1852 imas
808 1810 938 1852 Erebi
961 1811 1171 1852 descendit
1194 1811 1247 1852 ad
1270 1809 1448 1852 umbras.

358 1871 393 1911 si
417 1876 456 1911 te
480 1871 592 1912 nulla
614 1877 752 1912 movet
775 1877 910 1913 tantae
932 1872 1095 1926 pietatis
1120 1872 1270 1927 imag0,

356 1937 398 1972 at
420 1946 580 1972 ramum
603 1931 745 1972 hune“
770 1957 824 1961 —
848 1932 978 1987 aperit
999 1947 1176 1982 ramum,
1202 1932 1273 1986 qui
1295 1937 1409 1973 veste
1431 1931 1582 1974 latebat
1607 1958 1657 1964 -

358 1992 654 2047 „adgnoscas.“
680 1992 836 2033 tumida
860 2007 912 2033 ex
934 1993 995 2033 ira
1018 1998 1105 2033 tum
1129 1993 1253 2034 corda
1274 1992 1469 2033 residunt.

355 2066 432 2093 neo
454 2052 572 2107 plura
594 2043 764 2101 hisfille
789 2052 994 2094 admirans
1018 2052 1249 2094 venerabile
1273 2053 1427 2094 donum

355 2113 491 2155 fatalis
517 2113 676 2169 virgae,
701 2113 825 2169 longo
848 2119 942 2168 post
965 2119 1147 2168 tempore
1171 2114 1319 2163 visum,

356 2174 584 2215 caeruleam
608 2174 782 2215 advertit
803 2174 976 2229 puppim
998 2175 1192 2229 ripaeque
1214 2174 1469 2229 propinquat.

353 2235 448 2276 inde
472 2235 573 2277 alias
597 2234 774 2285 animas,
799 2250 904 2289 quae
927 2250 1002 2290 per
1023 2236 1121 2292 iuga
1144 2235 1269 2291 longa
1293 2235 1500 2286 sedebant,

354 2296 562 2347 deturbat,
585 2296 777 2350 laxatque
801 2296 931 2347 foros;
957 2297 1079 2346 simul
1102 2297 1249 2352 accipit
1272 2296 1388 2338 alveo

353 2357 563 2413 ingentem
585 2356 771 2399 Aenean.
797 2355 954 2413 gemuit
978 2357 1054 2400 sub
1079 2358 1259 2413 pondere
1284 2357 1432 2412 cymba

356 2418 487 2460 sutilis
512 2424 552 2459 et
575 2418 746 2460 multam
769 2419 926 2473 accepit
947 2419 1100 2460 rimosa
1121 2410 1379 2474 paludemd

355 2479 520 2520 tandem
543 2485 655 2521 trans
679 2479 850 2521 fluvium
872 2480 1097 2522 incolumes
1122 2485 1338 2534 vatemque
1362 2479 1573 2533 virumque

353 2540 518 2581 informi
540 2540 638 2582 limo
661 2540 891 2596 glaucaque
915 2540 1082 2595 exponit
1103 2540 1148 2582 in
1170 2540 1277 2582 ulva.

411 2600 616 2643 Cerberus
640 2601 742 2643 haee
764 2602 910 2657 ingens
934 2601 1083 2643 latratu
1105 2616 1234 2657 regna
1256 2599 1417 2641 trifauci

353 2667 563 2716 personat,
588 2662 760 2704 adverso
782 2662 983 2704 recubans
1006 2662 1181 2704 inmanis
1204 2662 1248 2703 in
1270 2666 1397 2702 antro.

355 2721 421 2762 cui
443 2727 557 2763 vates
564 2722 763 2772 ,horrere
787 2723 930 2765 videns
953 2723 1035 2764 iam
1059 2723 1163 2765 colla
1186 2721 1376 2770 colubris,
