1780 3074
560 259 820 299 AENEIDOS
838 259 938 295 LIB.
956 259 1023 296 IV.

111 375 323 428 exspectat
344 368 526 423 fatisque
550 367 668 408 datas
692 380 777 408 non
798 363 968 420 respicit
990 361 1129 412 urbes,

109 433 331 488 adloquere
356 437 397 473 et
420 429 565 472 celeris
590 428 708 471 defer
729 442 825 469 mea
847 427 959 468 dicta
980 439 1056 481 per
1078 437 1214 465 auras.

109 511 194 538 non
215 495 332 537 illum
355 492 475 535 nobis
500 490 690 549 genetrix
712 488 990 546 pulcherrima
1013 486 1139 529 talem

109 557 299 615 promisit
323 554 581 609 Graiumque
603 553 698 595 ideo
722 552 787 594 bis
811 550 996 593 vindicat
1018 548 1166 599 armis3

111 620 187 663 sed
208 619 316 669 fore,
347 617 419 673 qui
441 616 658 674 gravidam
681 613 864 671 imperiis
888 612 1080 666 belloque
1103 609 1350 652 frementem

110 682 275 725 Italiam
298 686 478 737 regeret,
507 693 641 735 genus
666 677 749 719 alto
774 692 799 718 a
824 674 1028 731 sanguine
1053 672 1208 715 Teucri

110 744 301 801 proderet
326 757 374 784 ac
399 748 531 784 totum
555 740 633 782 sub
656 740 772 795 leges
797 738 978 780 mitteret
1002 735 1159 778 orbem.

113 808 148 850 si
173 806 285 848 nulla
308 804 496 847 accendit
520 809 727 845 tantarum
751 800 885 857 gloria
907 814 1059 849 rerum,

111 883 189 911 ncc
213 882 338 923 super
360 867 450 923 ipse
476 880 552 908 sua
575 864 743 906 molitur
764 862 889 904 laude
912 860 1113 910 laborem,

111 931 350 974 Ascanione
373 935 491 985 pater
512 928 725 970 Romanas
749 925 908 967 invidet
930 923 1073 966 arces?

111 994 212 1049 quid
235 992 379 1035 struit?
402 998 473 1033 aut
497 1006 579 1045 qua
604 1004 679 1045 spe
701 988 869 1030 inimica
891 987 935 1029 in
959 992 1084 1043 gente
1108 991 1306 1035 moratur,

110 1071 188 1099 nec
210 1055 369 1112 prolem
391 1053 628 1096 Ausoniam
652 1058 694 1094 et
716 1050 899 1093 Lavinia
921 1049 1090 1105 respicit
1113 1048 1239 1090 arva?

110 1117 296 1175 naviget!
322 1117 424 1159 haec
450 1131 613 1158 summa
637 1120 719 1165 est3
743 1113 812 1155 hic
834 1111 967 1155 nostri
990 1111 1161 1153 nuntius
1187 1112 1319 1152 esto.“

168 1181 358 1223 Dixerat.
382 1179 452 1221 ille
475 1178 605 1234 patris
629 1176 773 1233 magni
795 1190 941 1232 parere
965 1173 1141 1231 parabat

111 1244 303 1300 imperio;
329 1248 370 1285 et
390 1241 571 1298 primum
594 1239 771 1295 pedibus
796 1237 941 1280 talaria
964 1236 1093 1278 nectit

113 1322 256 1357 aurea,
282 1320 388 1360 quae
414 1304 634 1347 sublimem
659 1303 735 1345 alis
762 1302 850 1345 sive
875 1316 1057 1356 aequora
1082 1316 1209 1357 supra

100 1384 190 1411 >seu
213 1374 364 1415 terram
386 1366 532 1422 rapido
555 1365 710 1421 pariter
734 1380 828 1407 cum
854 1364 1020 1405 flamine
1044 1370 1231 1419 port-ant3

114 1438 204 1474 tum
226 1430 388 1487 virgam
413 1428 541 1484 capit3
566 1428 646 1469 hac
669 1427 828 1469 animas
853 1426 922 1468 ille
946 1432 1093 1468 evocat
1118 1424 1233 1468 Orco

114 1493 328 1550 pallentis,
352 1492 453 1534 alias
480 1490 558 1533 sub
585 1490 762 1532 Tartara
784 1489 918 1531 tristia
941 1488 1079 1538 mittit,

115 1557 187 1598 dat
211 1569 377 1597 somnos
402 1553 628 1607 adimitque
652 1558 694 1594 et
715 1551 874 1593 lumina
897 1556 1030 1593 morte
1053 1550 1250 1605 resignat.

115 1617 186 1660 illa
208 1617 339 1659 fretus
364 1616 452 1672 agit
474 1621 621 1657 ventos
646 1620 687 1656 et
711 1613 877 1656 turbida
901 1619 1037 1655 tranat

116 1680 277 1730 nubila3
302 1680 467 1734 iamque
491 1678 637 1721 volans
662 1677 825 1733 apicem
849 1682 890 1718 et
911 1676 1043 1719 latera
1067 1675 1197 1718 ardua
1222 1675 1351 1716 cernit

117 1741 302 1784 Atlantis
327 1741 438 1791 duri,
463 1733 625 1783 caelum
649 1740 721 1793 qui
744 1739 896 1781 vertice
921 1738 1053 1789 fulcit,

119 1804 324 1854 Atlantis,
349 1803 531 1845 cinctum
554 1802 728 1844 adsidue
753 1801 820 1844 cui
843 1800 1025 1843 nubibus
1050 1801 1150 1842 atris

119 1865 342 1923 piniferum
366 1871 491 1920 caput
514 1870 556 1906 et
577 1869 702 1906 vento
725 1863 916 1920 pulsatur
938 1869 980 1905 et
1002 1862 1144 1913 imbri3

120 1929 192 1970 nix
214 1927 408 1969 humeros
432 1926 573 1968 infusa
597 1926 719 1982 tegit3
744 1931 833 1966 tum
857 1925 1029 1967 flumina
1051 1931 1192 1967 mento

119 1991 391 2047 praecipitant
415 1990 525 2032 senis
550 1994 591 2031 et
614 1988 748 2045 glacie
771 1988 879 2045 riget
902 1988 1069 2030 horrida
1092 1986 1234 2030 barba.

120 2052 188 2094 hic
210 2053 389 2108 primum
411 2051 581 2108 paribus
604 2051 740 2093 nitens
767 2049 982 2106 Cyllenius
1007 2050 1084 2093 alis

123 2115 321 2166 constitit3
345 2114 442 2156 hinc
465 2120 551 2156 toto
574 2128 775 2170 praeceps
801 2128 846 2156 se
870 2127 1041 2169 corpore
1065 2113 1120 2155 ad
1142 2112 1278 2154 undas

123 2176 253 2227 misit,
278 2176 346 2218 avi
370 2176 533 2226 similis,
559 2190 665 2230 quae
690 2175 846 2217 circum
868 2175 1006 2227 litora,
1033 2175 1190 2217 circum

123 2238 311 2293 piscosos
337 2237 529 2293 scopulos
553 2237 721 2279 humilis
746 2237 858 2279 volat
882 2252 1063 2292 aequora
1084 2238 1214 2279 iuxta.

125 2299 240 2340 haud
263 2299 381 2340 aliter
403 2306 533 2340 terras
556 2299 662 2340 inter
685 2298 929 2353 caelumque
953 2298 1121 2341 volabat

126 2360 223 2402 litus
247 2374 468 2402 arenosum
491 2360 545 2401 ad
566 2360 731 2415 Libyae
754 2367 986 2414 ventosque
1010 2359 1179 2402 secabat

127 2427 312 2464 materno
335 2421 506 2463 veniens
531 2421 584 2464 ab
608 2436 687 2463 avo
713 2420 904 2476 Cyllenia
926 2422 1076 2477 proles.

127 2489 174 2525 ut
195 2483 374 2539 primum
399 2483 518 2526 alatis
543 2483 678 2539 tetigit
700 2482 882 2539 magalia
903 2483 1071 2538 plantis,

127 2545 303 2587 Aenean
326 2545 571 2587 fundantem
594 2559 710 2587 arces
734 2559 784 2587 ac
807 2551 916 2587 tecta
939 2551 1162 2587 novantem

130 2607 342 2664 conspicit.
367 2613 490 2662 atque
514 2607 574 2648 illi
598 2607 784 2650 stellatus
808 2607 968 2663 iaspide
991 2607 1108 2649 fulva

131 2669 241 2711 ensis
266 2676 370 2720 crat,
396 2670 607 2726 Tyrioque
631 2669 803 2712 ardebat
826 2669 982 2711 murice
1004 2669 1122 2711 laena

132 2731 312 2774 demissa
335 2746 387 2774 ex
410 2732 612 2782 humeris,
638 2732 754 2774 dives
780 2746 886 2787 quae
910 2747 1082 2774 munera
1103 2731 1219 2774 Dido

1396 243 1479 287 155

1504 370 1570 401 225

1507 682 1574 714 230

1508 995 1574 1027 235

1510 1311 1577 1342 240

1513 1623 1578 1653 245

1515 1935 1581 1966 2:20

1516 2246 1582 2277 255

1516 2555 1583 2587 260
