1800 3106
0 1901 10 1979 rw.

0 2084 8 2171 2-v>-,-
0 2013 8 2073 nvo<

600 276 860 314 AENEIDOS
880 245 977 311 Lffl.
998 275 1046 310 X.
1420 266 1504 309 289

137 385 269 427 infula
293 385 359 426 cui
386 397 503 425 sacra
525 381 745 424 redimibat
769 387 956 436 tempora
980 380 1094 428 vitta,

138 455 248 490 totus
274 446 496 489 conlucens
522 451 636 487 veste
662 451 786 498 atque
811 440 1209 499 insignibus'armis.

137 525 261 565 quem
286 523 536 565 congressus
562 507 649 563 agit
674 520 840 561 campo,
866 505 1114 561 lapsumque
1139 512 1381 560 superstans

136 571 340 621 immolat,
366 569 608 626 ingentique
631 568 782 610 umbra
805 568 927 624 tegit3
953 583 1069 609 arma
1094 566 1289 610 Serestus

136 635 245 676 lecta
267 633 394 675 refert
418 631 619 681 humeris,
645 630 739 680 tibi,
765 645 839 671 rex
865 628 1068 680 Gradive,
1094 635 1323 685 tropaeum.

138 697 369 738 instaurant
393 695 503 737 acies
529 693 707 736 Volcani
731 693 858 748 stirpe
884 698 1046 734 creatus

138 758 347 801 Caeculus
372 763 413 799 et
437 756 607 798 veniens
631 754 872 797 Marsorum
897 754 1108 796 montibus
1134 753 1310 796 Umbro.

136 819 402 862 Dardanides
427 825 570 860 contra
593 817 704 859 furit.
730 816 918 858 Anxuris
945 831 1044 858 ense
1070 816 1280 859 sinistram

137 892 177 924 et
201 889 333 924 totum
357 881 479 936 clipei
502 879 611 922 ferro
636 879 842 921 deiecerat
866 878 1028 930 orbem3
1054 903 1110 909 —

136 945 300 986 dixerat
322 944 391 986 ille
417 943 574 997 aliquid
597 957 816 999 magnum,
843 942 1010 996 vimque
1035 942 1178 984 adfore
1201 941 1331 984 verbo

136 1006 384 1055 crediderat,
410 1004 608 1058 caeloque
632 1004 817 1046 animum
842 1004 1021 1045 fortasse
1046 1003 1220 1054 ferebat,

135 1068 409 1122 canitiemque
435 1066 514 1109 sibi
539 1074 579 1108 et
602 1066 750 1122 longos
775 1066 1023 1122 promiserat
1047 1080 1198 1116 annos3
1224 1090 1280 1096 ——-

136 1130 362 1185 Tarquitus
387 1128 599 1171 exsultans
626 1135 768 1171 contra
791 1128 1050 1185 fulgentibus
1075 1129 1214 1179 armis,

137 1193 346 1235 silvicolae
370 1192 518 1234 Fauno
542 1191 716 1248 Dryope
741 1206 866 1246 quem
890 1191 1077 1247 nympha
1101 1198 1271 1242 crearat,

137 1254 285 1297 obvius
311 1254 471 1296 ardenti
495 1269 588 1296 sese
613 1254 774 1296 obtulit.
799 1254 868 1296 ille
891 1255 1064 1297 reducta

137 1317 307 1358 loricam
331 1316 534 1371 clipeique
558 1317 706 1372 ingens
732 1332 836 1358 onus
861 1317 1020 1372 inpedit
1043 1318 1183 1367 hasta3

138 1387 227 1421 tum
251 1384 376 1434 caput
400 1379 555 1420 orantis
581 1378 834 1432 nequiquam
859 1385 901 1420 et
924 1379 1055 1420 multa
1078 1379 1263 1434 parantis

138 1441 275 1483 dicere
299 1439 492 1482 deturbat
515 1446 665 1490 terrae,
693 1446 967 1494 truncumque
992 1446 1201 1496 tepentem

137 1502 386 1558 provolvens
412 1517 538 1558 super
562 1502 664 1544 haec
688 1502 855 1544 inimico
879 1508 1046 1558 pectore
1069 1503 1199 1545 fatur:

140 1565 259 1617 „istic
282 1579 412 1615 nunc,
438 1565 677 1615 metuende,
704 1565 804 1606 iace.
831 1580 916 1607 non
940 1571 980 1607 te
1005 1566 1161 1621 optima
1186 1572 1317 1608 mater

138 1628 288 1669 condet
312 1627 446 1678 humi,
470 1628 688 1683 patrioque
713 1627 900 1669 onerabit
923 1628 1110 1670 membra
1136 1628 1374 1684 sepulchro:

137 1690 303 1732 alitibus
328 1690 514 1744 linquere
538 1689 656 1740 feris,
684 1695 754 1731 aut
778 1691 943 1746 gurgite
967 1705 1150 1732 mersum

137 1752 250 1793 unda
273 1751 395 1802 feret,
421 1751 642 1807 piscesque
666 1752 821 1807 inpasti
846 1752 1015 1795 volnera
1038 1753 1263 1795 lambent.“

136 1814 325 1870 protinus
349 1812 562 1856 Antaeum
588 1820 629 1856 et
651 1815 835 1865 Lucam,
861 1815 996 1870 prima
1020 1815 1189 1871 agmina
1213 1815 1359 1865 Turni,

136 1876 415 1931 persequitur,
441 1875 674 1931 fortemque
698 1876 897 1927 Numam,
924 1877 1166 1932 fulvumque
1194 1876 1444 1927 Camertem,

137 1939 404 1994 magnanimo
427 1937 654 1980 Volscente
679 1945 835 1990 satum,
861 1940 1091 1982 ditissimus
1118 1940 1207 1996 agri

136 2001 208 2055 qui
233 2000 311 2042 fuit
334 1999 602 2043 Ausonidum
627 2007 668 2043 et
691 2001 826 2044 tacitis
850 2002 1040 2058 regnavit
1063 2002 1268 2057 Amyclis.

135 2062 339 2119 Aegaeon
363 2062 516 2117 qualis,
543 2069 709 2105 centum
734 2064 801 2105 cui
824 2063 994 2106 brachia
1018 2064 1162 2106 dicunt

137 2131 416 2180 centenasque
439 2141 609 2177 manus,
635 2119 938 2184 quinquaginta
963 2127 1103 2170 oribus
1128 2128 1271 2184 ignem

136 2187 455 2242 pectoribusque
480 2188 652 2238 arsisse,
678 2189 792 2230 Iovis
819 2203 913 2230 cum
938 2189 1115 2231 fulmma
1139 2196 1283 2232 contra

137 2254 198 2290 tot
221 2248 390 2303 paribus
417 2255 617 2304 streperet
641 2250 803 2304 clipeis,
831 2256 891 2292 tot
917 2251 1138 2307 stringeret
1161 2266 1302 2292 enses:

139 2310 200 2351 sic
224 2316 309 2351 toto
334 2310 502 2352 Aeneas
527 2311 714 2352 desaevit
738 2311 781 2352 in
805 2325 985 2366 aequore
1010 2313 1153 2362 victor,

139 2378 186 2413 ut
211 2372 339 2413 semel
362 2372 539 2428 intepuit
561 2387 717 2415 mucro,
744 2373 845 2427 quin
869 2388 965 2415 ecce
989 2374 1166 2429 Niphaei

139 2433 396 2489 quadriiugis
420 2433 464 2475 in
489 2448 617 2488 equos
643 2435 900 2489 adversaque
925 2443 1094 2490 pectora
1117 2436 1260 2477 tendit.

140 2502 263 2550 atque
287 2495 363 2545 illi,
390 2496 512 2552 longe
536 2496 794 2552 gradientem
819 2503 860 2538 et
884 2497 973 2539 dira
997 2497 1241 2539 frementem

140 2564 185 2598 ut
210 2558 367 2608 videre,
394 2565 507 2600 metu
530 2559 641 2600 versi
665 2564 856 2613 retroque
880 2566 1047 2602 ruentes

141 2619 439 2674 effunduntque
464 2621 632 2671 ducem,
658 2621 904 2676 rapiuntque
929 2622 981 2663 ad
1006 2622 1125 2663 litora
1150 2636 1305 2663 currus.

141 2681 297 2723 interea
321 2682 473 2738 biiugis
499 2683 623 2724 infert
648 2697 693 2724 se
716 2683 919 2740 Lucagus
946 2683 1051 2726 albis

142 2742 184 2783 in
207 2744 383 2795 medios,
409 2744 617 2799 fraterque
642 2745 792 2800 Liger3
819 2746 892 2787 sed
917 2745 1043 2787 frater
1066 2746 1238 2788 habenis

218 2820 367 2856 remmus.
1227 2822 1238 2854 ]
1250 2817 1272 2852 9

1533 581 1598 611 540

1533 893 1599 923 545

1534 1204 1599 1235 550

1535 1518 1600 1548 555

1535 1828 1600 1859 560

1535 2140 1600 2170 565

1534 2448 1599 2479 570

1532 2761 1595 2790 575
