1794 3048
296 422 359 451 565

295 722 358 753 570

295 1026 357 1055 575

299 1327 362 1357 580

302 1629 379 1662 585⁷

301 1931 365 1961 590

389 299 467 340 182
728 284 730 286 ’
787 304 828 337 P.
847 301 1073 337 VERGILIJ
1095 301 1317 338 MARONIS

383 407 617 463 progenies,
643 411 810 445 auctura
833 401 960 442 Italos
968 418 978 452 3
1003 416 1125 455 quem
1149 401 1348 443 Thracius
1371 403 1474 444 albis

382 474 515 522 portat
541 480 669 518 equus
693 463 848 505 bicolor
871 462 1061 511 maculis,
1087 462 1260 517 vestigia
1282 462 1402 516 primi

383 527 476 569 alba
498 526 614 580 pedis
639 525 895 577 frontemque
919 529 1127 564 ostentans
1151 523 1302 564 arduus
1328 523 1474 564 albam.

383 588 483 629 alter
506 588 633 640 Atys,
658 599 789 640 genus
813 584 922 624 unde
945 582 1034 624 Atii
1057 584 1210 624 duxere
1234 584 1387 633 Latini,

382 662 532 703 parvus
557 647 685 701 Atys,
709 659 916 700 pueroque
939 659 1041 699 puer
1063 645 1244 686 delectus
1267 645 1371 685 Iulo.

383 715 588 749 extremus
612 707 824 760 formaque
848 712 940 747 ante
965 706 1096 747 omnis
1119 706 1290 760 pulcher
1311 705 1426 747 Iulus

386 768 555 810 Sidonio
580 774 642 809 est
664 768 850 808 invectus
875 781 998 819 equo,
1024 780 1146 820 quem
1170 767 1342 808 candida
1365 766 1477 808 Dido

383 844 474 871 esse
499 829 562 870 sui
586 829 752 870 dederat
776 833 1082 868 monumentum
1107 833 1147 868 et
1169 828 1317 882 pignus
1343 827 1503 868 amoris.

384 899 517 932 cetera
540 889 760 930 Trinacriis
785 888 915 943 pubes
940 888 1109 929 senioris
1134 887 1312 929 Acestae

385 951 514 992 fertur
537 951 665 1004 equis.

385 1011 590 1065 excipiunt
613 1011 761 1065 plausu
783 1010 973 1065 pavidos,
1001 1010 1261 1064 gaudentque
1286 1014 1445 1050 tuentes

383 1071 664 1120 Dardanidae,
691 1077 955 1123 veterumque
979 1071 1236 1124 adgnoscunt
1259 1084 1329 1110 ora
1351 1075 1576 1123 parentum.

383 1139 602 1187 postquam
627 1145 789 1172 omnem
812 1130 908 1171 laeti
931 1144 1171 1171 consessum
1195 1129 1415 1182 oculosque
1440 1144 1606 1170 suorum

385 1194 608 1234 lustravere
631 1192 673 1232 in
698 1191 832 1245 equis,
859 1191 1022 1245 signum
1047 1190 1221 1231 clamore
1244 1190 1396 1244 paratis

386 1253 588 1307 Epytides
612 1252 734 1307 longe
758 1251 871 1292 dedit
892 1251 1155 1303 insonuitque·
1176 1250 1350 1305 flagello.

387 1314 455 1354 olli
479 1313 703 1354 discurrere
727 1326 845 1367 pares
871 1317 992 1364 atque
1016 1311 1181 1366 agmina
1204 1311 1309 1351 terni

386 1373 571 1414 deductis
597 1372 753 1413 solvere
779 1372 930 1420 choris,
955 1385 1179 1424 rursusque
1203 1371 1338 1411 vocati

387 1439 620 1475 convertere
644 1433 732 1473 vias
756 1431 986 1484 infestaque
1010 1431 1090 1472 tela
1114 1431 1252 1472 tulere.

387 1494 480 1534 inde
506 1493 607 1533 alios
630 1493 772 1540 ineunt
796 1506 939 1533 cursus
965 1492 1147 1545 aliosque
1170 1506 1359 1533 recursus

388 1553 550 1595 adversi
575 1553 735 1608 spatiis,
761 1552 1019 1605 alternosque
1042 1551 1209 1593 orbibus
1234 1551 1342 1593 orbis

380 1614 615 1669 inpediunt,
640 1627 884 1668 pugnaeque
909 1613 1016 1653 cient
1040 1612 1254 1654 simulacra
1279 1612 1354 1654 sub
1379 1613 1520 1662 armis3

389 1681 429 1716 ct
451 1689 560 1715 nunc
584 1680 699 1729 terga
721 1673 823 1729 fuga
845 1674 1017 1722 nudant,
1043 1687 1152 1714 nunc
1176 1673 1331 1727 spicula
1354 1679 1516 1714 vertunt

388 1736 556 1785 infensi,
581 1736 691 1776 facta
713 1736 862 1790 pariter
885 1750 994 1776 nunc
1017 1749 1118 1789 pace
1141 1734 1338 1775 feruntur.

395 1803 441 1836 ut
458 1797 664 1849 quondam
689 1795 814 1838 Creta
836 1795 965 1836 fertur
988 1795 1269 1850 Labyrinthus
1293 1796 1336 1836 in
1360 1795 1441 1836 alta

389 1856 610 1910 parietibus
635 1863 791 1897 textum
816 1857 947 1898 caecis
972 1857 1048 1897 iter
1071 1856 1367 1910 ancipitemque

391 1917 498 1957 mille
523 1917 598 1957 viis
623 1917 817 1958 habuisse
841 1917 998 1966 dolum,
1024 1931 1105 1970 qua
1130 1916 1248 1971 signa
1272 1916 1468 1968 sequendi

389 1977 546 2017 falleret
569 1977 837 2031 indeprensus
863 1983 901 2017 et
925 1976 1198 2017 inremeabilis
1223 1990 1343 2024 error,

390 2037 500 2077 haud
524 2037 603 2077 alio
627 2037 833 2077 Teucrum
856 2036 941 2077 nati
964 2037 1138 2090 vestigia
1162 2050 1284 2076 cursu

389 2096 617 2150 inpediunt,
644 2102 865 2149 texuntque
890 2096 1010 2151 fugas
1036 2102 1076 2136 et
1098 2095 1251 2150 proelia
1274 2095 1383 2144 ludo,

390 2158 625 2212 delphinum
651 2157 822 2206 similes,
847 2157 916 2210 qui
940 2171 1013 2211 per
1036 2157 1163 2197 maria
1186 2156 1354 2197 humida
1376 2156 1511 2196 nando

303 2217 658 2272 595AEarpathii1m
682 2217 969 2271 Libycumque
994 2222 1149 2266 secant,
1174 2216 1398 2269 luduntque
1422 2230 1496 2270 per
1518 2216 1659 2256 undas.

305 2534 368 2563 600

390 2279 498 2319 hunc
523 2293 676 2319 morem
702 2293 844 2318 cursus
870 2284 991 2330 atque
1015 2277 1117 2318 haec
1140 2277 1361 2319 certamina
1384 2277 1539 2330 primus

390 2339 615 2388 Ascanius,
641 2340 805 2394 longam
830 2339 955 2379 muris
981 2352 1073 2379 cum
1098 2338 1278 2393 cingeret
1301 2337 1466 2385 Albam,

391 2400 545 2440 rettulit
574 2406 614 2440 et
637 2400 793 2454 priscos
818 2399 956 2440 docuit
980 2398 1183 2439 celebrare
1207 2397 1394 2446 Latinos,

391 2476 472 2514 quo
496 2475 597 2515 puer
620 2461 708 2515 ipse
731 2461 870 2509 modo,
897 2474 1036 2501 secum
1060 2474 1142 2513 quo
1167 2459 1290 2500 Troia
1312 2458 1461 2513 pubes;

391 2520 544 2562 Albani
568 2521 742 2562 docuere
767 2535 884 2570 suos;
908 2521 1003 2562 hinc
1026 2520 1205 2562 maxima
1227 2534 1346 2574 porro

394 2582 549 2635 accepit
572 2581 706 2622 Roma
729 2588 769 2622 et
791 2582 966 2636 patrium
992 2581 1169 2622 servavit
1192 2581 1405 2627 honorem3

394 2641 597 2694 Troiaque
621 2656 746 2691 nunc,
771 2642 886 2696 pueri
910 2641 1132 2683 Troianum
1156 2641 1301 2681 dicitur
1323 2651 1481 2693 agmen.

393 2700 471 2740 hac
495 2701 696 2742 celebrata
720 2708 836 2743 tenus
862 2708 1001 2743 sancto
1026 2701 1245 2743 certamina
1266 2699 1381 2753 patri.
