1820 3054
388 306 469 348 368
788 312 830 346 Ρ.
849 309 1079 347 VERGILH
1096 306 1320 345 MARONIS

386 422 431 457 ut
454 415 527 457 tibi
551 413 725 468 Corycio
749 411 1017 467 glomerarem
1039 409 1230 451 flammea
1250 409 1349 451 luto.

385 491 466 530 quo
490 488 598 516 nunc
621 487 704 522 me,
730 471 890 521 infelix,
916 477 987 512 aut
1009 484 1114 525 quae
1137 484 1203 512 me
1226 470 1312 512 fata
1333 471 1567 513 reservant?

385 551 438 577 an
460 534 612 583 nescis,
639 547 720 587 qua
742 532 835 588 lege
857 531 985 587 patris
1009 532 1060 573 de
1082 531 1234 572 vertice
1258 546 1417 573 summo

297 610 361 640 320
384 596 492 637 edita
514 594 733 636 candentes
756 598 967 648 praetexat
988 606 1169 647 purpura
1190 592 1340 633 canos?

383 670 488 710 quae
511 655 643 697 tenuis
667 654 797 709 patrio
819 667 917 708 prae
942 653 994 694 sit
1017 666 1218 707 suspensa
1241 652 1411 707 capillo?

383 718 419 759 si
441 717 593 766 nescis,
618 716 797 769 aliquam
820 729 991 770 possum
1015 728 1178 769 sperare
1202 713 1387 763 salutem,

381 777 510 819 inscia
532 776 862 831 quandoquidem
885 775 1019 818 scelus
1043 789 1088 817 es
1112 780 1258 816 conata
1279 774 1520 825 nefandum3

383 839 447 880 sin
469 844 549 889 est,
574 838 685 892 quod
707 843 862 887 metuo,
886 851 961 892 per
983 842 1041 887 te,
1065 851 1158 878 mea
1180 836 1361 886 alumna,
1386 842 1582 890 tuumque

295 913 358 943 325
382 905 595 954 expertum
617 898 757 940 multis
780 898 953 940 miserae
976 897 1076 938 mihi
1098 897 1221 939 rebus
1246 911 1437 947 amorem,

380 974 471 1015 per,
497 965 537 1002 te
561 974 684 1002 saeva
706 973 867 1014 precor,
891 973 966 1014 per
987 958 1142 1000 lumina
1165 964 1206 999 et
1228 958 1430 1013 Ilithyiae‚

335 1030 339 1035 '
381 1035 432 1062 ne
456 1026 613 1062 tantum
636 1021 679 1062 in
702 1020 861 1062 facinus
885 1025 970 1061 tam
992 1019 1104 1060 nulla
1125 1025 1261 1060 mente
1285 1020 1480 1073 sequaris.

380 1095 464 1122 non
486 1095 564 1136 ego
588 1087 627 1122 te
650 1081 831 1136 incepto,
856 1079 943 1121 fieri
965 1080 1076 1134 quod
1098 1093 1180 1121 non
1202 1085 1316 1134 pote,
1342 1093 1466 1120 conor

381 1142 542 1184 flectere
566 1157 722 1192 amore,
745 1156 879 1195 neque
902 1147 965 1184 est
987 1156 1081 1183 cum
1104 1142 1166 1183 dis
1191 1142 1433 1184 contendere
1455 1148 1657 1191 nostrum3

294 1215 359 1245 330
382 1203 456 1245 sed
477 1202 603 1258 patris
627 1202 820 1244 incolumi
843 1202 977 1258 potius
1002 1202 1206 1244 denubere
1229 1217 1368 1258 regno,

382 1270 504 1317 atque
527 1263 685 1317 aliquos
709 1269 847 1304 tamen
870 1277 961 1305 esse
984 1263 1086 1305 velis
1110 1263 1202 1313 tibi,
1227 1263 1409 1312 alumna,
1432 1270 1613 1318 penates.

382 1324 460 1365 hoc
483 1338 610 1364 unum
633 1323 758 1365 exitio
782 1324 903 1365 docta
925 1329 1048 1377 atque
1072 1329 1239 1378 experta
1260 1323 1448 1365 monebo.

381 1384 493 1438 quod
516 1384 552 1425 si
574 1398 655 1425 non
678 1384 758 1425 alia
779 1384 930 1438 poteris
953 1384 1108 1425 ratione
1130 1389 1341 1439 parentem

381 1445 543 1486 flectere
566 1469 620 1475 —
645 1445 719 1486 sed
739 1444 911 1499 poteris;
936 1444 1034 1498 quid
1057 1444 1165 1486 enim
1187 1459 1270 1485 non
1292 1444 1412 1486 unica
1433 1443 1593 1500 possis?
1617 1469 1670 1475 -

294 1519 358 1550 335
382 1512 479 1547 tunc
500 1505 636 1560 potius
661 1511 798 1546 tamen
819 1505 929 1560 ipsa,
952 1505 1021 1560 pio
1045 1519 1139 1546 cum
1161 1505 1248 1547 iure
1270 1504 1419 1555 licebit,

382 1581 476 1608 cum
498 1566 599 1608 facti
622 1580 811 1608 caussam
833 1572 1076 1621 tempusque
1101 1566 1250 1608 doloris
1274 1565 1458 1615 habebis,

381 1634 479 1670 tunc
501 1627 638 1683 potius
662 1633 807 1669 conata
830 1633 900 1668 tua
923 1633 1045 1681 atque
1068 1627 1230 1683 incepta
1251 1626 1420 1676 refert03

381 1703 529 1742 meque
553 1688 734 1743 deosque
757 1687 832 1731 tibi
855 1687 1042 1738 comites,
1066 1701 1159 1730 mea
1182 1687 1362 1738 alumna,
1388 1686 1547 1729 futuros

380 1750 591 1805 polliceor:
615 1750 716 1791 nihil
739 1756 820 1800 est,
845 1750 956 1804 quod
978 1755 1093 1792 texas
1117 1749 1274 1799 ordine,
1297 1748 1506 1804 longum.“

295 1823 359 1854 340
438 1810 520 1852 His
544 1810 616 1852 ubi
641 1810 834 1852 sollicitos
858 1810 984 1852 animi
1005 1810 1256 1852 relevaverat
1277 1815 1415 1852 aestus

381 1870 551 1913 vocibus
576 1877 616 1913 et
638 1871 790 1913 blanda
810 1877 953 1926 pectus
978 1885 1051 1926 spe
1074 1871 1226 1912 vicerat
1248 1884 1429 1926 aegrum,

381 1932 592 1988 paullatim
616 1931 883 1974 tremebunda
904 1932 1021 1986 genis
1046 1931 1247 1974 obducere
1269 1936 1427 1972 vestem

381 1992 550 2048 virginis
576 1998 616 2033 et
637 1992 840 2047 placidam
863 1991 1039 2034 tenebris
1064 1997 1225 2046 captare
1249 1991 1440 2045 quietem.

382 2052 546 2094 inverso
569 2051 755 2094 bibulum
777 2052 1026 2107 restringens
1049 2051 1188 2093 lumen
1211 2051 1317 2093 olivo

295 2127 359 2158 345
381 2112 523 2168 incipit
546 2113 599 2154 ad
622 2112 784 2154 crebros
807 2112 942 2154 insani
963 2112 1139 2168 pectoris
1162 2112 1268 2154 ictus

382 2174 489 2216 ferre
512 2188 696 2223 manum,
722 2173 903 2215 adsiduis
926 2172 1110 2215 mulcens
1131 2172 1368 2228 praecordia
1387 2171 1551 2226 palmis.

382 2241 543 2277 noctem
566 2234 679 2276 illam
703 2234 762 2276 sic
784 2239 941 2276 maesta
964 2249 1087 2289 super
1107 2233 1317 2275 morientis
1341 2233 1529 2274 alumnae

382 2295 597 2351 frigidulos
622 2294 759 2337 cubito
783 2294 958 2337 subnixa
979 2295 1173 2350 pependit
1195 2293 1358 2336 ocellos.

381 2363 547 2412 postera
568 2357 640 2398 lux
662 2356 734 2398 ubi
755 2357 863 2398 laeta
885 2356 994 2397 diem
1016 2355 1255 2398 mortalibus
1279 2355 1432 2396 almum

297 2431 360 2461 350
385 2418 407 2439 *
432 2418 592 2474 egelida
615 2418 783 2460 veniens
805 2417 964 2460 miseris
988 2415 1198 2471 quatiebat
1219 2415 1272 2458 ab
1297 2414 1418 2465 Oeta,

385 2495 508 2533 quem
529 2480 703 2535 pavidae
726 2479 890 2521 alternis
914 2478 1091 2535 fugitant
1114 2483 1334 2533 optantque
1356 2475 1514 2532 puellae
1538 2500 1591 2506 —-

384 2541 636 2596 Hesperium
659 2540 806 2590 vitant,
831 2545 972 2595 optant
995 2539 1204 2581 ardescere
1226 2538 1364 2579 Eoum
1387 2561 1460 2586 —-,

384 2601 611 2657 praeceptis
634 2606 749 2657 paret
771 2601 887 2656 virgo
910 2600 1077 2642 nutricis
1101 2605 1142 2641 et
1164 2613 1304 2641 omnes

385 2663 564 2717 undique
588 2662 789 2716 conquirit
810 2660 992 2703 nubendi
1015 2659 1156 2703 sedula
1178 2673 1359 2701 caussas.

299 2735 362 2767 355
386 2727 591 2764 tentantur
612 2722 766 2777 patriae
791 2721 1005 2764 submissis
1028 2719 1198 2763 vocibus
1222 2733 1353 2768 aures,
