1800 3080
694 289 877 328 CULEX.

98 406 222 454 atque
245 398 380 448 illum,
407 396 566 439 calamo
589 395 744 437 lactum
768 393 975 436 recinente
998 391 1185 449 palustri,

98 462 262 516 otiaque
286 460 441 502 invidia
465 459 686 516 degentem
710 471 759 498 ac
783 456 928 498 fraude
951 461 1122 505 remota,

97 524 403 579 pollentemque
429 520 528 572 sibi,
553 520 677 562 viridi
700 534 795 561 cum
819 518 989 574 palmite
1012 518 1157 560 lucens

98 585 263 627 Tmolia
285 583 507 640 pampineo
532 581 676 625 subter
699 595 820 623 coma
845 581 952 622 velat
978 580 1144 622 amictu.

96 647 155 688 illi
180 653 277 689 sunt
299 651 443 703 gratae
466 651 652 687 rorantes
676 643 784 686 lacte
809 643 992 699 capellae

97 716 138 751 et
160 724 307 751 nemus
334 714 375 750 et
398 707 578 750 fecunda
600 706 726 748 Pales
751 711 793 748 et
815 704 994 748 vallibus
1018 705 1129 746 intus

98 786 262 828 semper
285 785 416 826 opaca
439 769 558 812 novis
583 768 794 829 manantia
817 767 1002 810 fontibus
1027 772 1157 809 antra.

97 834 190 887 quis
215 833 350 889 magis
375 837 517 888 optato
540 837 666 886 queat
689 845 783 873 esse
807 829 966 872 beatior
988 844 1105 880 aevo,

98 910 223 950 quam
247 894 319 949 qui
342 899 479 936 mente
502 893 648 949 procul
670 908 776 949 pura
799 905 1009 946 sensuque
1032 890 1248 947 probando

97 972 180 999 non
204 957 348 999 avidas
373 956 572 1012 adgnovit
595 970 715 1011 opes,
741 968 818 996 nec
843 954 975 996 tristia
999 953 1108 996 bella

97 1033 174 1061 nec
197 1018 364 1060 funesta
387 1018 505 1059 timet
527 1017 690 1059 validae
714 1016 940 1059 certamina
962 1015 1122 1065 classis,

96 1094 173 1122 nec
199 1079 341 1135 spoliis
366 1079 466 1120 dum
491 1083 635 1121 sancta
658 1078 784 1120 deum
807 1076 1065 1133 fulgentibus
1090 1083 1209 1118 ornet

97 1142 250 1198 templa
273 1155 392 1192 nece,
419 1145 586 1182 evectus
611 1139 738 1181 finem
762 1139 1018 1181 transcendit
1040 1137 1234 1188 habendi,

96 1204 319 1246 adversum
343 1209 383 1244 et
408 1202 546 1244 saevis
570 1201 678 1244 ultro
703 1206 829 1257 caput
851 1200 1042 1243 hostibus
1069 1200 1215 1243 offert?

98 1266 156 1307 illi
180 1265 288 1307 falce
312 1265 415 1306 deus
441 1264 605 1314 colitur,
630 1278 716 1305 non
739 1269 827 1305 arte
850 1262 1018 1319 politus,

99 1328 165 1368 illc
191 1327 288 1368 colit
311 1326 447 1376 lucos,
472 1325 532 1367 illi
555 1325 769 1367 Panchaia
793 1331 886 1366 tura

98 1388 265 1431 floribus
291 1393 476 1444 agrestes
500 1386 654 1429 herbae
677 1386 932 1429 variantibus
957 1387 1128 1436 adsunt3

96 1452 155 1493 illi
178 1451 310 1493 dulcis
336 1451 455 1492 adest
476 1449 641 1504 requies
667 1455 708 1491 et
730 1464 836 1504 pura
858 1449 1065 1504 voluptas,

96 1513 243 1564 libera,
271 1511 528 1568 simplicibus
553 1512 662 1554 curis
671 1528 683 1563 3
707 1511 791 1553 huc
813 1511 1019 1561 imminet,
1046 1525 1191 1553 omnes

97 1575 236 1630 dirigit
259 1574 341 1616 huc
365 1589 531 1625 sensus,
556 1574 661 1615 haec
684 1588 784 1615 cura
807 1579 872 1615 est
895 1572 1063 1616 subdita
1086 1572 1212 1623 cordi,

97 1636 280 1691 quolibet
307 1642 350 1678 ut
372 1636 514 1691 requie
537 1636 652 1678 victu
675 1641 893 1678 contentus
918 1634 1112 1684 abundet,

97 1699 362 1753 iucundoque
385 1698 495 1740 locet
518 1698 759 1755 languentia
782 1712 956 1753 corpora
980 1712 1139 1739 somno.

97 1775 122 1803 o
145 1761 347 1817 pecudes,
374 1775 398 1803 o
422 1759 561 1802 Panes
587 1766 628 1802 et
651 1774 676 1802 ฮฟ
699 1759 939 1816 gratissima
963 1759 1124 1814 Tempe

96 1822 223 1865 fontis
248 1822 611 1878 Hamadryadum,
637 1837 815 1876 quarum
837 1836 922 1863 non
946 1821 1072 1863 divite
1096 1820 1211 1862 cultu

97 1884 285 1926 aemulus
309 1883 498 1926 Ascraeo
520 1890 665 1940 pastor
688 1883 768 1926 sibi
791 1883 968 1938 quisque
991 1889 1128 1939 poeta,

98 1961 286 1988 securam
310 1946 474 2002 placido
498 1946 680 1988 traducis
703 1952 871 2001 pectore
894 1945 1042 1988 vitam!

98 2007 249 2050 talibus
272 2008 316 2049 in
341 2008 487 2050 studiis
511 2007 660 2051 baculo
685 2008 786 2049 dum
809 2008 932 2050 nixus
957 2007 1118 2064 apricas

47 2074 56 2087 ยน
96 2075 238 2126 pastor
261 2070 349 2127 agit
372 2084 492 2113 curas
517 2076 559 2113 et
581 2070 682 2112 dum
705 2085 789 2112 non
812 2076 899 2112 arte
924 2085 1100 2112 canorus

98 2138 313 2188 compacta
336 2132 504 2174 solitum
527 2132 764 2174 modulatur
788 2133 988 2174 arundine
1014 2146 1193 2182 carmen,

98 2194 228 2236 tendit
250 2194 462 2236 inevectus
485 2195 624 2237 radios
647 2194 906 2249 Hyperionis
931 2195 1065 2244 ardor,

97 2255 317 2309 lucidaque
341 2255 523 2297 aetherio
546 2256 664 2311 ponit
686 2256 926 2298 discrimina
948 2256 1117 2306 mundo,

99 2317 199 2358 dum
222 2317 319 2358 iacit
344 2315 563 2359 Oceanum
587 2317 775 2359 flammas
799 2317 843 2358 in
866 2324 1086 2371 utrumque
1109 2331 1294 2372 rapaces.

156 2377 216 2420 Et
237 2377 322 2419 iam
346 2378 617 2433 compellente
641 2393 773 2434 vagae
796 2385 962 2433 pastore
987 2378 1171 2433 capellae

100 2440 185 2481 ima
208 2440 460 2482 susurrantis
483 2439 701 2495 reptabant
726 2440 779 2481 ad
803 2440 911 2481 vada
933 2439 1142 2495 lymphae,

101 2516 208 2556 quae
233 2501 376 2543 subter
398 2501 572 2543 viridem
594 2501 833 2543 residebant
857 2501 1022 2543 caerula
1044 2516 1249 2543 muscum.

101 2564 185 2605 iam
207 2563 366 2605 medias
391 2577 563 2618 operum
586 2569 725 2618 partes
750 2569 919 2605 evectus
944 2569 1032 2605 erat
1055 2563 1130 2614 sol,

102 2639 197 2666 cum
221 2624 372 2666 densas
398 2632 539 2680 pastor
562 2625 744 2680 pecudes
770 2625 948 2682 cogebat
970 2625 1014 2666 in
1038 2624 1220 2676 umbras,

103 2693 147 2727 ut
171 2687 313 2742 procul
338 2687 530 2742 adspexit
551 2687 646 2729 luco
669 2687 850 2729 residere
873 2687 1035 2737 virenti,

104 2746 228 2790 Delia
251 2748 366 2799 diva,
392 2755 481 2799 tuo,
507 2763 590 2803 quo
614 2749 825 2803 quondam
850 2751 959 2791 victa
982 2749 1120 2790 furore

1380 278 1462 321 351

1491 654 1532 685 75

1490 965 1533 996 80

1491 1586 1533 1617 90

1491 1896 1532 1927 95

1492 2206 1556 2236 100

1493 2514 1557 2544 105
