1780 3074
528 307 787 346 AENEmos
806 296 903 342 Lm.
922 308 992 343 111.

81 434 206 474 quam
228 423 391 459 vestrae
415 415 552 457 fecere
576 428 744 463 manus,
769 411 1028 462 melioribus,
1054 418 1164 467 opto,

81 480 295 538 auspiciis,
321 487 362 521 et
386 492 493 533 quae
517 476 642 519 fuerit
665 476 802 518 minus
827 474 950 517 obvia
976 472 1113 517 Grais.

81 544 116 585 si
140 541 306 597 quando
331 539 537 596 Thybrim
559 538 780 593 vicinaque
805 536 1031 593 Thybridis
1056 551 1156 578 arva

80 606 232 647 intraro
256 603 454 660 gentique
477 615 595 643 meae
619 601 717 643 data
739 599 904 642 moenia
927 613 1105 649 cernam,

81 671 279 722 cognatas
305 664 429 707 urbes
454 663 552 706 olim
575 662 836 719 populosque
865 660 1133 718 propinquos,

80 728 275 784 Epirum,
301 725 572 782 Hesperiam,
598 723 749 779 quibus
773 724 886 765 idem
908 722 1135 764 Dardanus
1161 727 1304 765 auctor

81 797 204 845 atque
227 789 339 830 idem
363 802 505 838 casus,
531 801 658 828 unam
682 785 884 827 faciemus
909 790 1128 839 utramque

82 851 250 893 Troiam
275 850 422 892 animis
430 865 442 900 ;
466 853 632 890 maneat
654 853 818 889 nostros
844 861 894 888 ea
917 861 1017 888 cura
1040 850 1254 901 nepotes.'‘

137 911 413 954 Provehimur
434 910 585 967 pelago
609 909 747 951 vicina
772 908 981 951 Ceraunia
1003 907 1133 956 iuxta,

81 974 191 1016 unde
214 973 292 1015 iter
314 972 479 1014 Italiam
504 985 733 1026 cursusque
756 970 1028 1013 brevissimus
1053 970 1189 1012 undis.

83 1035 146 1078 sol
167 1035 249 1077 ruit
272 1034 429 1076 interea
453 1039 494 1075 et
516 1038 680 1075 montes
704 1031 949 1074 umbrantur
972 1032 1104 1087 opaci.
1133 1034 1143 1042 ‘

83 1096 303 1139 sternimur
326 1101 491 1151 optatae
515 1094 673 1151 gremio
698 1094 855 1136 telluris
881 1094 935 1136 ad
958 1094 1126 1144 undam,

82 1158 213 1201 sortiti
235 1173 391 1208 remos,
415 1157 656 1214 passimque
681 1156 725 1198 in
748 1156 867 1198 litore
893 1156 1003 1198 sicco

81 1235 253 1276 corpora
276 1235 489 1271 curamus3
513 1219 651 1261 fessos
677 1233 800 1275 sopor
824 1218 977 1274 inrigat
1001 1223 1127 1260 artus.

81 1283 260 1324 necdum
284 1282 427 1324 orbem
450 1282 634 1323 medium
658 1296 744 1324 nox
767 1281 879 1323 horis
905 1286 998 1322 acta
1022 1279 1207 1323 subibat:

81 1343 194 1385 haud
219 1343 359 1400 segnis
385 1349 512 1386 strato
537 1343 669 1399 surgit
691 1343 915 1385 Palinurus
941 1348 981 1384 et
1005 1342 1140 1385 omnis

83 1405 270 1461 explorat
294 1411 439 1447 ventos
466 1411 589 1459 atque
613 1405 784 1448 auribus
809 1419 906 1447 acra
929 1411 1086 1460 captat3
1128 1416 1131 1421 ¹

84 1468 220 1510 sidera
244 1473 393 1509 cuncta
415 1473 531 1509 notat
556 1467 680 1508 tacito
705 1467 887 1509 labentia
911 1467 1039 1517 caelo,

82 1529 310 1572 Arcturum
333 1529 580 1584 pluviasque
604 1528 781 1584 Hyadas
806 1528 1078 1585 geminosque
1105 1528 1294 1578 Triones,

83 1597 368 1646 armatumque
393 1606 493 1633 auro
518 1591 796 1646 circumspicit
822 1589 994 1633 Oriona.

83 1660 304 1710 postquam
329 1659 478 1696 cuncta
501 1654 616 1695 videt
640 1654 755 1695 caelo
780 1659 969 1695 constare
995 1668 1153 1704 sereno,

84 1717 154 1757 dat
178 1716 334 1757 clarum
358 1730 381 1757 e
404 1716 535 1771 puppi
560 1715 746 1771 signum3
771 1730 847 1757 nos
873 1721 1009 1757 castra
1032 1730 1262 1766 movemus,

84 1784 415 1834 temptamusque
439 1778 550 1819 viam
575 1783 616 1819 et
639 1777 823 1820 velorum
847 1777 1068 1833 pandimus
1093 1777 1193 1819 alas.

83 1841 249 1894 iamque
271 1839 520 1882 rubescebat
544 1840 673 1882 stellis
699 1855 848 1882 aurora
870 1839 1039 1896 fugatis,

86 1917 180 1944 cum
203 1901 348 1957 procul
373 1901 574 1944 obscuros
600 1902 716 1944 collis
741 1902 1022 1956 humilemque
1045 1902 1236 1945 videmus

86 1964 261 2006 Italiam.
286 1963 449 2006 Italiam
473 1964 632 2019 primus
658 1965 888 2007 conclamat
912 1963 1114 2016 Achates,

85 2026 248 2068 Italiam
271 2026 380 2068 laeto
405 2027 506 2068 socii
531 2026 710 2069 clamore
735 2027 926 2069 salutant.

86 2095 174 2130 tum
196 2094 314 2143 pater
336 2087 546 2131 Anchises
570 2104 770 2146 magnum
795 2096 953 2132 cratera
977 2103 1128 2132 corona

87 2149 218 2191 induit
240 2150 496 2206 inplevitque
519 2166 652 2203 mero,
678 2152 880 2207 divosque
905 2153 1070 2196 vocavit

89 2218 202 2253 stans
227 2212 338 2254 celsa
360 2213 404 2255 in
426 2214 575 2269 puppi:

91 2273 159 2324 „di
181 2273 307 2314 maris
332 2280 374 2315 et
396 2280 528 2316 terrae
553 2282 928 2332 tempestatumque
951 2284 1153 2333 potentes,

90 2333 193 2376 ferte
215 2335 327 2376 viam
349 2342 474 2378 vento
498 2337 663 2379 facilem
687 2344 728 2379 et
752 2339 906 2394 spirate
931 2340 1142 2382 secundi.“

91 2395 355 2438 crebrescunt
378 2402 541 2452 optatae
565 2413 708 2449 aurae,
733 2406 959 2454 portusque
982 2401 1158 2456 patescit

91 2457 173 2498 iam
196 2457 382 2513 propior,
409 2458 692 2513 templumque
716 2461 887 2515 adparet
909 2461 954 2502 in
978 2476 1071 2503 arce
1094 2461 1325 2503 Minervae.

92 2519 185 2560 vela
206 2518 351 2574 legunt
375 2519 478 2561 socii
502 2525 542 2561 et
564 2534 707 2575 proras
733 2521 787 2562 ad
809 2521 930 2563 litora
952 2528 1156 2576 torquent.

91 2585 233 2635 portus
258 2580 310 2622 ab
335 2595 461 2623 euroo
485 2581 613 2623 fluctu
637 2588 831 2624 curvatus
855 2583 899 2624 in
923 2598 1083 2634 arcum3

92 2640 276 2684 obiectae
301 2642 412 2684 salsa
437 2650 631 2699 spumant
656 2644 902 2700 adspargine
927 2652 1068 2687 cautes
1077 2663 1088 2696 3

92 2702 180 2758 ipse
203 2703 303 2746 latet
310 2720 321 2755 ;
346 2705 513 2761 gemino
537 2705 757 2748 demittunt
780 2705 948 2749 brachia
971 2722 1090 2749 muro

95 2764 226 2807 turriti
249 2766 425 2821 scopuli,
450 2767 685 2823 refugitque
709 2767 761 2809 ab
786 2767 902 2810 litore
927 2769 1138 2824 templum.

1362 295 1443 338 143

1470 550 1535 582 500

1473 861 1538 891 505

1475 1171 1540 1202 510

1476 1483 1540 1513 515

1478 1793 1543 1823 520

1454 2123 1456 2125 v
1479 2103 1543 2134 5⁸25

1478 2412 1544 2443 530

1477 2720 1540 2753 535
