1748 3048
297 1246 336 1274 10

296 1547 329 1577 15

291 1849 333 1878 20

290 2151 332 2181 25

289 2453 330 2483 30

364 279 418 320 22
761 286 803 322 P.
821 284 1050 322 VERGILII
1068 258 1298 322 MARONIS'

955 439 1101 481 V1111.

728 558 1018 598 LYCIDAS.
1076 557 1328 598 MOERIS.

417 690 467 730 L.
500 688 595 741 Quo
619 694 670 737 te,
695 687 841 737 Moeri,
865 688 1016 743 pedes?
1038 703 1102 738 an,
1122 702 1203 742 quo
1226 688 1292 729 via
1315 688 1438 738 ducit,
1463 689 1504 730 in
1527 689 1694 731 urbem?

359 749 420 790 M.
454 747 494 791 O
519 749 699 804 Lycida,
723 749 807 790 vivi
829 749 1107 803 pervenimus,
1132 749 1288 790 advena
1310 750 1449 798 nostri,

359 811 471 864 quod
492 824 700 864 nunquam
723 810 840 851 veriti
864 824 1023 858 sumus,
1048 815 1094 850 ut
1115 823 1329 864 possessor
1351 810 1471 866 agelli

360 872 529 912 diceret:
556 871 682 921 „haee
706 885 797 912 mea
820 876 932 920 sunt3
956 878 1113 912 veteres
1137 871 1308 926 migrate
1333 871 1502 912 coloni.“

359 945 468 973 nunc
490 931 603 980 victi,
629 932 782 981 tristes,
807 931 1000 984 quoniam
1022 931 1107 972 fors
1131 931 1267 972 omnia
1288 937 1436 980 versat,

359 991 434 1033 hos
457 991 516 1032 illi
539 1016 593 1022 -—
617 992 727 1045 quod
749 1006 825 1033 nec
848 997 977 1033 vertat
1000 990 1104 1032 bene
1127 1015 1182 1021 —-
1204 991 1401 1033 mittimus
1425 991 1591 1034 haedos.

358 1052 412 1093 L.
444 1050 566 1093 Certe
590 1052 779 1106 equidem
802 1052 1026 1101 audieram,
1051 1066 1132 1105 qua
1156 1066 1200 1093 se
1225 1051 1450 1094 subducere
1474 1053 1598 1094 colles

358 1112 572 1167 incipiunt,
596 1113 788 1166 mollique
811 1113 954 1168 iugum
977 1112 1185 1154 demittere
1210 1112 1327 1162 clivo,

359 1187 488 1226 usque
513 1173 565 1214 ad
587 1187 754 1227 aquam,
785 1179 826 1215 et
849 1181 1022 1222 veteres,
1043 1173 1125 1214 iam
1148 1173 1277 1214 fracta
1300 1174 1527 1223 cacumina,
1558 1174 1690 1230 fagos,

361 1233 495 1274 omnia
518 1233 763 1275 carminibus
787 1239 966 1274 vestrum
990 1247 1175 1275 servasse
1198 1233 1427 1275 Menalcan.

359 1292 420 1334 M.
450 1292 674 1343 Audieras,
700 1299 741 1334 et
763 1293 874 1335 fama
895 1293 991 1343 fuit3
1017 1293 1089 1335 sed
1113 1293 1291 1335 carmina
1313 1299 1470 1335 tantum

357 1360 497 1395 nostra
519 1354 673 1404 valent,
698 1354 875 1409 Lycida,
900 1354 980 1395 tela
1001 1354 1106 1395 inter
1127 1353 1296 1404 Martia,
1321 1362 1516 1408 quantum

359 1413 566 1455 Chaonias
591 1415 729 1456 dicunt
753 1414 889 1468 aquila
910 1414 1096 1456 veniente
1120 1414 1341 1456 columbas.

359 1475 469 1528 quod
492 1475 571 1516 nisi
592 1490 658 1517 me
681 1489 923 1529 quacunque
946 1490 1074 1517 novas
1098 1476 1274 1516 incidere
1296 1475 1387 1516 lites

359 1541 451 1576 ante
476 1535 638 1577 sinistra
661 1550 761 1577 cava
784 1536 1009 1577 monuisset
1032 1535 1083 1576 ab
1107 1536 1197 1576 ilice
1221 1535 1372 1585 cornix,

357 1609 434 1636 nec
457 1601 551 1636 tuus
574 1595 640 1636 hic
663 1596 835 1646 Moeris,
858 1610 934 1636 nec
956 1596 1110 1637 viveret
1133 1596 1220 1650 ipse
1243 1595 1467 1637 Menalcas.

356 1656 410 1696 L.
441 1655 550 1705 Heu,
571 1657 679 1697 cadit
695 1657 737 1696 in
757 1671 1003 1710 quemquam
1021 1662 1178 1697 tantum
1199 1656 1356 1698 scelus?
1372 1656 1465 1706 heu,
1485 1663 1556 1698 tua
1572 1657 1688 1699 nobis

356 1730 485 1770 paene
509 1716 630 1758 simul
653 1722 788 1758 tecum
812 1716 955 1758 solatia
976 1722 1109 1771 rapta,
1133 1716 1348 1758 Menalca?

357 1776 448 1828 quis
472 1782 634 1818 caneret
655 1776 893 1831 Nymphas?
915 1777 1007 1828 quis
1031 1777 1202 1818 humum
1225 1777 1461 1819 florentibus
1484 1777 1621 1820 herbis

358 1842 584 1891 spargeret,
609 1843 680 1878 aut
701 1837 820 1878 viridi
842 1837 975 1878 fontes
988 1838 1196 1878 induceret
1219 1837 1387 1879 umbra?
1454 1856 1461 1859 ⁸

356 1896 421 1936 vel
444 1910 549 1949 quae
573 1896 733 1951 sublegi
756 1897 901 1938 tacitus
926 1897 1000 1938 tibi
1023 1897 1202 1939 carmina
1224 1912 1366 1952 nuper,

357 1971 451 1997 cum
473 1962 512 1997 te
536 1957 590 1998 ad
611 1956 776 1998 delicias
801 1957 946 2006 serres,
970 1956 1243 2012 Amaryllida,
1267 1958 1454 1999 nostras?

359 2017 544 2072 „Tityre,
569 2017 667 2058 dum
689 2018 830 2067 redeo,
855 2017 990 2059 brevis
1015 2024 1077 2059 est
1100 2018 1183 2068 via,
1207 2032 1330 2073 pasce
1354 2019 1543 2073 capellas,

356 2083 395 2118 et
417 2083 558 2132 potum
581 2083 719 2132 pastas
744 2092 839 2133 age,
865 2078 1024 2132 Tityre,
1050 2084 1090 2119 et
1113 2078 1217 2119 inter
1239 2079 1445 2133 agendum

356 2152 567 2179 occursare
592 2152 731 2192 capro,
757 2153 882 2180 cornu
905 2138 999 2179 ferit
1021 2138 1106 2188 ille,
1132 2142 1313 2180 caveto.“

353 2197 415 2239 M.
444 2197 578 2240 Immo
600 2198 719 2248 haec,
744 2213 849 2252 quae
872 2198 983 2240 Varo
1007 2199 1181 2240 necdum
1203 2199 1384 2253 perfecta
1407 2199 1593 2240 canebatz

357 2257 510 2309 „Vare,
534 2264 651 2300 tuum
673 2273 840 2309 nomen,
867 2266 1030 2314 superet
1053 2260 1173 2301 modo
1196 2259 1371 2301 Mantua
1394 2260 1525 2309 nobis,

354 2318 526 2360 Mantua
548 2334 624 2361 vae
648 2320 818 2362 miserae
842 2321 1012 2362 nimium
1034 2321 1167 2362 vicina
1192 2319 1430 2370 Cremonae,

355 2386 562 2421 cantantes
587 2380 760 2422 sublime
784 2381 914 2422 ferent
937 2381 990 2423 ad
1013 2381 1145 2423 sidera
1168 2381 1323 2435 cycni.“

354 2440 407 2480 L.
441 2439 511 2482 Sic
534 2447 605 2482 tua
629 2441 812 2496 Cyrneas
836 2442 996 2498 fugiant
1020 2442 1207 2483 examina
1230 2447 1359 2490 taxos,

356 2501 414 2541 sic
437 2502 566 2556 cytiso
589 2508 731 2557 pastae
753 2503 986 2545 distendant
1009 2502 1135 2544 ubera
1157 2516 1325 2544 vaccae:

354 2561 504 2615 incipe,
531 2562 566 2603 si
589 2563 688 2617 quid
710 2563 849 2605 habes.
875 2569 915 2604 et
938 2578 1003 2604 me
1027 2563 1160 2604 fecere
1182 2568 1344 2617 poetam

354 2620 555 2671 Pierides,
582 2629 676 2664 sunt
699 2629 739 2665 et
761 2625 861 2666 mihi
883 2625 1078 2675 carmina,
1102 2638 1168 2665 me
1191 2636 1351 2676 quoque
1375 2622 1513 2663 dicunt

354 2687 488 2721 vatem
511 2690 713 2735 pastoresz
738 2685 811 2726 sed
833 2699 915 2726 non
939 2699 1016 2740 ego
1040 2683 1225 2726 credulus
1249 2683 1339 2723 illis.
