1800 3106
610 285 866 325 AENEIDOS
884 285 983 322 LIB.
1002 286 1052 322 X.

142 409 296 450 anceps
324 398 558 436 sustentata
581 391 672 443 diu,
697 391 931 445 fluctusque
955 389 1118 446 fatigat,

143 456 315 499 solvitur
338 461 462 510 atque
486 454 597 497 viros
621 453 769 496 mediis
794 452 964 509 exponit
986 452 1031 494 in
1054 451 1196 502 undis3

142 519 350 576 fragmina
371 532 581 561 remorum
604 531 710 572 quos
736 522 777 558 et
800 516 1005 558 fluitantia
1027 521 1208 557 transtra

141 581 376 638 inpediunt,
401 579 654 634 retrahitque
677 579 829 635 pedem
853 578 978 621 simul
1001 578 1115 620 unda
1136 576 1342 619 relabens.

197 643 287 686 Nec
310 643 501 685 Turnum
526 641 667 699 segnis
690 641 841 684 retinet
863 656 998 692 mora,
1025 640 1100 683 sed
1122 639 1231 696 rapit
1254 654 1350 681 acer

142 712 271 749 totam
295 705 428 747 aciem
450 705 495 746 in
518 704 705 746 Teucros
730 710 772 746 et
796 709 939 746 contra
961 703 1006 745 in
1027 703 1147 745 litore
1173 702 1293 744 sistit.

143 769 265 825 signa
289 773 454 810 canunt.
478 767 638 823 primus
663 772 820 808 turmas
843 766 998 808 invasit
1021 765 1198 822 agrestis
1242 786 1246 788 *

142 830 331 879 Aeneas,
356 843 479 872 omen
500 843 687 885 pugnae,
714 829 943 883 stravitque
965 828 1160 879 Latinos,

143 892 281 935 occiso
306 891 517 942 Therone,
542 891 679 933 virum
702 891 775 946 qui
796 890 1005 933 maximus
1030 890 1140 932 ultro

142 953 319 997 Aenean
341 954 456 1010 petit.
482 953 580 995 huic
603 953 744 1010 gladio
766 967 926 1009 perque
951 966 1074 994 aerea
1098 957 1205 1002 suta,

141 1031 216 1072 per
239 1015 422 1058 tunicam
447 1016 706 1070 squalentem
729 1030 829 1057 auro
852 1015 962 1057 latus
987 1014 1125 1056 haurit
1149 1019 1352 1070 apertum.

141 1078 238 1120 inde
261 1078 429 1120 Lichan
451 1077 565 1128 ferit,
592 1083 808 1120 exsectum
830 1077 916 1119 iam
938 1082 1071 1129 matre
1094 1083 1323 1132 perempta,

142 1146 183 1182 et
206 1140 299 1191 tibi,
324 1139 516 1190 Phoebe,
543 1154 727 1191 sacrum,
753 1154 877 1182 casus
903 1139 1079 1181 evadere
1103 1138 1203 1180 ferri

142 1203 255 1257 quod
276 1202 393 1245 licuit
414 1217 557 1258 parvo.
581 1217 660 1244 nec
682 1202 827 1258 longe,
855 1201 1005 1244 Cissea
1029 1202 1180 1243 durum

142 1264 435 1319 inmanemque
460 1263 605 1320 Gyan,
632 1264 854 1306 sternentis
879 1264 1049 1320 agmina
1073 1263 1204 1314 clava,

142 1325 292 1368 deiecit
313 1326 414 1377 leto;
437 1326 541 1367 nihil
563 1326 656 1368 illos
681 1325 878 1368 Herculis
903 1341 1031 1376 arma,

143 1402 221 1430 nec
244 1388 407 1430 validae
430 1388 572 1430 iuvere
595 1403 744 1430 manus
769 1388 1014 1444 genitorque
1036 1387 1292 1443 Melampus,

143 1449 319 1492 Alcidae
344 1465 482 1493 comes
507 1464 658 1504 usque,
683 1450 823 1506 gravis
849 1464 946 1492 cum
968 1456 1077 1492 terra
1099 1449 1263 1492 labores

143 1512 346 1569 praebuit.
372 1527 469 1555 ecce
492 1512 653 1562 Pharo,
678 1527 804 1554 voces
830 1512 931 1553 dum
953 1511 1080 1554 iactat
1102 1512 1269 1562 inertes,

143 1576 384 1630 intorquens
408 1575 592 1617 iaculum
617 1574 812 1616 clamanti
837 1574 946 1616 sistit
968 1574 1012 1616 in
1036 1589 1119 1616 ore.

144 1644 189 1679 tu
213 1652 396 1693 quoque,
422 1638 644 1679 flaventem
667 1637 802 1693 prima
824 1637 1022 1693 lanugine
1045 1636 1178 1678 malas

143 1700 243 1741 dum
269 1700 454 1754 sequeris
481 1699 668 1755 Clytium
691 1699 857 1749 infelix,
882 1714 993 1741 nova
1016 1699 1189 1755 gaudia,
1218 1698 1382 1754 Cydon,

142 1763 359 1804 Dardania
383 1769 535 1804 stratus
561 1763 724 1813 dextra,
752 1777 922 1804 securus
948 1777 1150 1813 amorum,

143 1825 216 1879 qui
238 1824 437 1866 iuvenum
460 1823 536 1866 tibi
560 1839 724 1880 semper
748 1830 882 1875 erant,
907 1825 1142 1866 miserande
1166 1824 1337 1874 iaceres,

143 1887 187 1928 ni
211 1885 385 1928 fratrum
409 1886 561 1942 stipata
585 1886 734 1928 cohors
758 1886 867 1929 foret
891 1886 1033 1937 obvia,
1058 1886 1214 1928 Phorci

142 1950 382 2006 progenies,
408 1958 568 2006 septem
591 1964 785 2001 numero,
812 1955 1067 2006 septenaque
1091 1949 1174 1992 tela

143 2012 351 2054 coniciunt
358 2029 370 2063 ς
394 2013 545 2069 partim
568 2012 690 2068 galea
714 2012 929 2068 clipeoque
952 2012 1157 2054 resultant

142 2073 284 2125 inrita,
311 2075 480 2117 deflexit
502 2075 654 2131 partim
679 2075 924 2131 stringentia
948 2089 1099 2131 corpus

143 2136 252 2179 alma
274 2135 434 2179 Venus.
459 2136 590 2178 fidum
613 2135 784 2179 Aeneas
809 2137 976 2179 adfatur
997 2137 1211 2179 Achaten:

146 2213 351 2255 „suggere
375 2198 458 2240 tela
480 2199 602 2249 mihi,
626 2213 711 2240 non
734 2198 866 2240 ullum
890 2199 1062 2241 dextera
1085 2199 1241 2240 frustra

144 2259 308 2301 torserit
330 2259 375 2301 in
397 2259 597 2310 Rutulos,
624 2266 826 2302 steterunt
849 2274 956 2314 quae
979 2259 1025 2301 in
1048 2274 1220 2315 corpore
1246 2258 1422 2302 Graium

143 2319 283 2362 Iliacis
309 2320 507 2375 campis.“
532 2327 621 2362 tum
644 2336 842 2376 magnam
866 2321 1033 2376 corripit
1055 2321 1219 2362 hastam

146 2387 188 2423 et
210 2381 310 2423 iacit
317 2397 329 2432 3
352 2381 424 2423 illa
446 2381 593 2424 volans
618 2381 740 2437 clipei
764 2382 1071 2424 transverberat
1094 2397 1191 2424 aera

145 2442 340 2485 Maeonis
366 2449 407 2484 et
431 2442 604 2484 thoraca
628 2443 752 2485 simul
776 2457 872 2485 cum
894 2450 1061 2498 pectore
1084 2443 1250 2499 rumpit.

146 2504 244 2547 huic
266 2504 394 2546 frater
418 2504 531 2547 subit
552 2503 756 2556 Alcanor,
782 2504 1035 2559 fratremque
1058 2511 1247 2548 ruentem

146 2571 351 2609 sustentat
374 2566 538 2608 dextra:
564 2566 734 2608 traiecto
758 2567 888 2609 missa
910 2566 1064 2609 lacerto

145 2628 331 2684 protinus
355 2629 476 2672 hasta
499 2630 610 2686 fugit
633 2635 853 2684 servatque
878 2636 1047 2672 cruenta
1070 2636 1268 2680 tenorem,

146 2690 397 2746 dexteraque
421 2706 475 2733 ex
497 2691 670 2733 humero
693 2691 832 2734 nervis
856 2691 1103 2734 moribunda
1124 2692 1332 2748 pependit.

147 2758 235 2794 tum
257 2752 449 2796 Numitor
471 2753 606 2796 iaculo
630 2752 769 2796 fratris
794 2753 846 2796 de
871 2768 1040 2810 corpore
1063 2760 1182 2810 rapto

1429 274 1514 317 283

1540 525 1606 557 305

1543 838 1608 870 310

1543 1150 1608 1181 315

1543 1464 1608 1494 320

1543 1775 1608 1806 325

1543 2085 1607 2116 330

1541 2394 1604 2425 335

1537 2704 1603 2735 340
