1728 3068
564 312 565 315 =
619 296 831 323 PRAEFATIO
1256 291 1408 321 XVIIII

45 395 122 432 541.
140 391 277 442 dimitte]
303 391 466 428 demitte.
483 391 497 439 11
514 391 582 427 558
594 413 641 418 —
652 391 720 427 565
738 391 845 426 uncis
864 390 1017 436 inclusi,
1042 401 1119 426 non
1138 390 1241 438 quod
1253 389 1413 436 Vergilii

45 458 128 484 esse
142 444 292 481 omniuo
306 454 483 490 negarem
493 470 502 488 ‚
521 443 757 490 —leguntur
770 442 867 478 enim
879 442 918 478 in
931 442 1104 478 omnibus
1122 441 1229 477 libris
1243 445 1282 477 et
1293 453 1316 476 a
1330 440 1413 476 Ser-

45 497 105 533 vio
123 497 407 542 adgnoscuntur
420 516 466 520 —
479 495 546 530 sed
565 494 669 542 quod
681 504 901 540 persuasum
918 493 1042 529 habeo
1061 504 1138 529 non
1157 492 1278 540 magis
1293 503 1377 528 esse
1391 504 1414 528 a

43 547 212 594 vergilio
231 547 314 592 ipso
328 546 367 581 in
385 545 460 581 fine
476 545 694 592 Georgicon
711 545 857 591 positos
872 556 986 591 quam
999 545 1047 580 ab
1061 543 1221 580 Horatio
1234 543 1413 591 praemis-

45 610 108 635 sos
121 599 208 634 illos
221 609 351 633 versus
367 595 444 632 Sat.
458 596 487 641 1,
504 597 558 631 10.

111 648 315 685 Aeneido
325 660 341 683 s
360 647 425 683 lib.
438 647 509 692 I,2.
525 645 739 695 Lavinaque]
754 645 999 692 Laviniaque.
1015 647 1028 693 ΙΙ
1046 646 1101 681 41.
1114 645 1196 695 Οἰίἰ]
1206 645 1314 682 Oilei.
1326 645 1412 682 Vid.

45 704 75 746 ξ.
95 701 127 736 7.
148 701 163 748 Η
186 699 242 735 44.
262 696 423 747 tempore]
446 702 611 744 pectore.
636 697 722 733 Vid.
744 699 774 741 §-
793 698 826 732 8.
848 698 860 743 ΙΙ
887 697 963 732 104.
979 696 1141 747 proram]
1161 708 1285 744 prora.
1303 698 1316 745 ΙΙ
1334 697 1414 732 201.

45 749 230 800 Cyclopea]
246 748 438 796 Cyclopia.
462 748 548 784 vid.
563 749 593 792 ἓ.
606 749 639 783 8.
656 748 669 795 1]
686 747 765 783 211.
778 747 954 796 diripiunt]
970 748 1169 793 deripiunt.
1186 749 1200 795 ΙΙ
1216 748 1295 783 224.
1309 749 1414 794 ‹tis-pi-

44 801 146 851 ciens]
167 800 391 847 despiciens.
426 799 512 836 Vid.
527 800 558 842 §-
576 799 609 833 8.
625 799 639 846 fl
656 798 734 833 317.
753 797 884 847 eurum]
902 798 1082 834 Hebrum.
1101 799 1188 835 Vid.
1210 802 1241 844 ξ.
1255 800 1286 835 7.
1303 801 1317 847 1]
1334 799 1413 833 426.

45 852 150 888 uncis
169 851 315 887 inclusi.
330 852 345 899 fl
362 851 440 886 427.
456 849 541 899 lata]
561 850 648 885 alta.
673 849 775 884 Illud
793 860 814 885 e
827 849 1015 886 Vaticano
1028 850 1199 895 reposui:
1219 861 1296 885 non
1316 850 1415 886 enim

44 903 180 940 attinet
198 914 309 950 quam
322 902 401 937 alta
413 901 659 936 fundamenta
677 900 768 945 sint,
795 911 924 935 verum
937 911 1049 946 quam
1062 901 1152 936 lata.
1168 901 1183 948 fl
1213 901 1309 936 Ibid.
1324 903 1414 935 thea-

45 954 118 1004 tris]
131 954 279 991 theatri.
326 953 428 988 Illud
441 964 486 989 ex
500 952 633 988 eodem
647 955 686 987 et
697 952 886 987 Romano:
906 952 979 987 hoc
989 979 998 997 ,
1012 956 1054 987 ut
1065 955 1168 988 reete
1182 952 1301 988 sensit
1313 952 1414 998 Hey-

44 1006 145 1051 nim,
171 1005 267 1042 exile
285 1003 430 1051 aliquid
447 1003 565 1039 habet
579 1006 617 1038 et
633 1015 666 1046 s,
690 1003 785 1038 utin
798 1002 873 1038 fine
887 1014 1035 1048 versuS‚
1062 1003 1100 1037 in
1113 1003 1287 1038 Mediceo
1301 1003 1414 1039 facile

44 1057 215 1094 excidere
228 1055 363 1103 potuit.
416 1053 567 1091 Servius
581 1054 672 1100 quid
685 1054 822 1100 legerit
832 1064 910 1090 non
925 1059 1027 1090 certo
1043 1058 1200 1090 constat.
1216 1055 1229 1101 l]
1247 1053 1325 1090 548.
1339 1053 1413 1102 nec]

44 1120 103 1144 ne.
121 1108 134 1155 ΙΙ
150 1106 227 1143 604.
250 1104 407 1155 iustitiae]
425 1105 578 1141 iustitia.
595 1106 608 1152 fl
627 1105 704 1140 665.
720 1104 890 1154 Typhoea]
905 1105 1094 1152 Typhoia.
1107 1105 1193 1142 Vid.
1208 1107 1239 1150 ξ.
1252 1106 1285 1141 8.
1302 1106 1315 1152 ΙΙ
1334 1105 1412 1141 703.

45 1158 161 1208 lonyo]
174 1159 338 1205 longam.
362 1157 458 1193 Nam
467 1156 669 1205 Gellii(IV,
678 1156 714 1203 1)
728 1157 935 1192 auctoritas
948 1155 987 1191 in
1000 1156 1036 1192 h.
1045 1158 1154 1192 l.non
1167 1157 1263 1192 adeo
1277 1168 1415 1203 magna

45 1214 113 1255 cst,
124 1221 236 1256 quum
242 1212 441 1255 utrumque
450 1208 525 1254 legi
534 1211 704 1244 testetur:
712 1207 896 1243 rationem
903 1211 1029 1243 autem
1035 1219 1105 1254 pro
1113 1211 1244 1243 nostra
1250 1206 1413 1243 lectione

44 1271 128 1297 esse
151 1259 270 1306 probe
288 1259 555 1295 intellexerunt
573 1258 751 1294 Heinsius
777 1262 815 1294 et
834 1258 1018 1305 Heynius.
1033 1259 1048 1306 ΙΙ
1067 1259 1144 1293 719.
1163 1257 1302 1307 insidat]
1327 1258 1413 1293 insi-

46 1312 145 1348 deat.
161 1312 175 1359 {1
193 1310 257 1346 741
271 1309 382 1359 quem]
397 1321 505 1357 quae.

114 1362 201 1398 Lib.
213 1361 264 1407 II,
277 1361 333 1396 56.
345 1367 451 1396 staret
462 1382 508 1388 —
521 1367 672 1396 maneret
686 1372 769 1397 cum
781 1359 1019 1407 Aproniano:
1033 1365 1114 1397 erat
1126 1367 1233 1396 staret
1244 1373 1413 1396 ——mane-

45 1426 118 1457 ηε,
143 1413 244 1460 quod
263 1412 383 1456 minus
401 1412 529 1458 placet
548 1424 659 1458 quarn
672 1412 832 1447 Romani
849 1419 960 1447 stares
972 1433 1018 1438 —
1030 1424 1198 1448 maneres.
1217 1412 1231 1460 [Ι
1247 1411 1301 1448 75.
1320 1412 1416 1447 Post

45 1464 145 1500 hunc
169 1475 316 1500 versum
335 1464 532 1510 legebatur
549 1464 626 1499 hic:
650 1465 710 1499 ille
726 1465 808 1499 haec
830 1465 985 1510 deposita
1001 1466 1137 1499 tandem
1153 1464 1339 1509 formidine
1356 1465 1414 1509 sa-

46 1522 114 1551 tur.
161 1515 249 1553 Non
262 1515 401 1561 legitur
413 1516 452 1550 in
465 1515 571 1550 libris
588 1515 923 1561 praestantissimis
933 1543 942 1561 ,
962 1515 1092 1550 illatus
1105 1515 1179 1553 huc
1193 1527 1238 1551 ex
1250 1516 1321 1561 111,
1336 1516 1414 1550 612.

58 1567 74 1615 Ι
90 1566 168 1603 128.
185 1565 289 1615 rupit]
309 1565 455 1613 rumpit.
479 1567 493 1612 ΙΙ
513 1566 591 1601 225.
609 1565 806 1616 diffuyiunt]
826 1566 1018 1613 effugiunt.
1035 1567 1048 1614 1]
1071 1567 1150 1603 289.
1169 1566 1256 1616 alta]
1276 1567 1368 1602 alto.
1389 1568 1400 1612 ΙΙ

44 1617 124 1654 332.
141 1616 315 1666 oppositis]
338 1616 514 1663 oppositi.
531 1618 544 1664 fl
561 1617 639 1652 370.
658 1617 875 1666 Andi-oyeus]
896 1619 1132 1664 Androgeos
1179 1618 1266 1654 Vid.
1286 1619 1317 1661 ς.
1337 1618 1368 1652 7.
1387 1617 1401 1662 Π

45 1669 123 1705 496.
141 1668 220 1718 exit]
240 1668 339 1704 exiit.
386 1668 474 1705 Vid.
486 1668 755 1704 Lachmannus
768 1670 817 1704 ad
836 1670 948 1705 Luer.
961 1682 998 1715 p.
1011 1670 1090 1705 209.
1106 1670 1120 1716 1]
1137 1669 1217 1704 578.
1230 1669 1358 1715 recepi
1375 1669 1415 1704 in

47 1719 225 1756 ordinem.
241 1720 255 1767 ss
272 1719 369 1755 Ibid.
382 1718 508 1768 patris]
526 1724 665 1765 patres.
681 1721 695 1767 fl
713 1720 791 1755 690.
804 1719 999 1769 ausfur-ium]
1014 1721 1202 1756 auxilium.
1226 1720 1313 1756 Vid.
1325 1720 1415 1756 Kei-

46 1770 118 1806 lius
130 1770 155 1806 l.
167 1770 192 1806 l.
207 1771 221 1817 ΙΙ
240 1770 317 1805 777.
328 1771 405 1805 hinc
410 1768 568 1818 portare]
581 1774 745 1816 portare.

113 1821 200 1857 Lib.
218 1821 289 1867 111,
309 1821 363 1856 12.
385 1820 569 1871 ynatoque]
588 1826 764 1868 natoque.
786 1822 800 1870 ss
825 1823 879 1858 76.
904 1823 1056 1868 Mycono
1082 1821 1188 1871 celsa]
1208 1823 1372 1869 Mycono
1393 1834 1413 1858 e

46 1872 159 1908 celsa.
173 1874 189 1919 fl
205 1872 262 1907 82.
280 1871 444 1921 accurrit]
464 1873 635 1908 occurrit.
651 1874 664 1920 fl
682 1873 780 1908 Ibid.
798 1873 973 1922 adqnovit]
993 1874 1204 1919 adgnoscit.
1221 1874 1235 1921 fl
1258 1873 1336 1909 149.
1357 1872 1412 1922 ab]

45 1935 80 1959 a.
95 1923 110 1970 fl
127 1923 204 1958 267.
218 1922 376 1972 diripere]
392 1923 572 1970 deripere.
588 1924 603 1971 ΙΙ
619 1923 699 1959 340.
714 1923 824 1973 quem]
839 1935 948 1971 quae.
963 1925 978 1972 Ι]
995 1925 1075 1960 341.
1093 1925 1200 1961 uncis
1219 1925 1367 1961 inclusi.
1384 1925 1397 1971 ΙΙ

44 1974 123 2010 419.
141 1972 313 2023 deductas]
333 1974 518 2010 diductas.
539 1974 553 2021 fl
575 1973 655 2009 484.
673 1974 813 2024 honore]
833 1975 978 2011 honori.
996 1975 1083 2011 Vid.
1104 1978 1136 2020 ξ.
1150 1976 1182 2011 7.
1198 1977 1211 2023 Ι]
1230 1975 1309 2011 503.
1328 1976 1414 2021 Epi-

45 2037 133 2068 rum,
146 2023 362 2073 Hesperiam]
376 2024 504 2070 Epiro,
518 2024 715 2071 Hesperia.
728 2025 814 2062 Vid.
823 2028 853 2070 §.
862 2026 894 2061 7.
910 2027 925 2074 Ι]
942 2026 1148 2076 581.mutat]
1157 2030 1287 2062 mutet.
1303 2028 1316 2074 fl
1334 2027 1412 2062 614.

45 2074 191 2124 nontine]
204 2087 351 2112 nomen.
366 2076 380 2123 ΙΙ
397 2075 475 2111 644.
489 2075 600 2125 atque]
621 2079 669 2112 et.
685 2077 699 2124 fl
717 2076 794 2112 652.
801 2077 981 2127 praepes-i]
1001 2078 1194 2124 conspexi.
1210 2079 1224 2125 l]
1242 2078 1320 2113 659.
1340 2090 1413 2112 ma-

46 2126 141 2176 num]
153 2139 276 2163 manu.
299 2128 401 2163 Illud
412 2128 527 2174 longe
540 2127 815 2175 significantius
830 2129 971 2165 dictum
984 2134 1023 2165 et
1036 2130 1292 2172 Quinctiliano
1304 2129 1412 2174 VIII,

45 2177 80 2223 4,
93 2178 139 2214 24
150 2177 415 2214 confirmatum.
432 2174 541 2226 [670.
554 2179 722 2229 dextram]
743 2180 883 2216 dextra.
899 2181 912 2228 ΙΙ
931 2181 1010 2216 690.
1029 2192 1148 2216 uncos
1168 2180 1287 2216 omisi.
1303 2181 1318 2228 ΙΙ
1336 2180 1414 2215 701.

49 2229 244 2279 Carnem’na]
266 2230 474 2266 Camarina.
520 2231 621 2266 Illud
634 2231 778 2267 habent
795 2232 882 2267 libri
895 2232 975 2268 fere
996 2244 1144 2278 omnes,
1171 2232 1414 2276 scholiastae,

49 2281 211 2317 Servius.
228 2283 242 2328 1]
261 2283 337 2317 702.
351 2282 409 2318 cf.
422 2282 690 2318 Lachmannus
703 2284 752 2319 ad
763 2283 878 2319 Lucr.
890 2296 928 2330 p.
940 2284 1020 2320 326.

115 2332 201 2367 Lib.
220 2332 286 2377 IV,
307 2333 383 2368 174.
403 2332 483 2382 qua]
502 2345 589 2380 quo.
604 2334 620 2382 ss
637 2334 714 2369 191.
732 2336 886 2370 Troiano
905 2334 1084 2384 sanquine]
1099 2335 1268 2370 Troiano
1289 2346 1311 2370 a
1331 2345 1415 2369 san-

49 2381 174 2428 guine.
191 2382 204 2429 ΙΙ
221 2382 799 2430 256—258.inordinemrecepti.
815 2385 828 2432 ΙΙ
846 2385 924 2420 273.
937 2385 1045 2421 uncis
1057 2385 1288 2421 inclusimus.
1305 2386 1318 2431 ΙΙ
1336 2385 1414 2419 276.

49 2431 197 2481 debetur]
212 2432 410 2468 debentur.
426 2434 439 2480 ΙΙ
456 2433 536 2469 408.
549 2433 640 2483 tunc]
653 2438 742 2469 tum.
758 2436 772 2482 ΙΙ
788 2435 868 2470 428.
881 2435 990 2484 neyet]
1011 2440 1138 2482 negat.
1186 2435 1341 2470 Rectius
1356 2446 1416 2470 eo-

50 2483 207 2529 gitatum
225 2483 331 2518 illud.
347 2484 360 2531 ΙΙ
378 2483 456 2519 436.
475 2485 620 2527 dederit,
644 2485 831 2534 cumulata]
852 2487 1018 2532 dederis,
1044 2487 1312 2533 cumulatam.l]
1335 2485 1416 2521 456.

49 2540 98 2569 est
117 2533 258 2569 addidi.
282 2535 295 2580 ΙΙ
316 2534 394 2570 464.
408 2534 581 2584 priorum]
600 2535 757 2581 piorum.
806 2537 917 2579 Quod
935 2538 1102 2583 languet.
1124 2538 1139 2585 fl
1161 2536 1240 2572 541.
1258 2536 1415 2585 inrisam]

50 2584 218 2620 invisam.
240 2586 253 2632 ΙΙ
276 2585 355 2621 593.
375 2585 610 2636 diripientque]
635 2586 907 2633 deripientque.
930 2588 943 2635 ΙΙ
967 2588 1045 2623 632.
1068 2594 1118 2624 est
1136 2587 1277 2624 addidi.
1299 2587 1313 2635 ss
1336 2587 1414 2623 641.

51 2634 148 2684 anili]
162 2636 310 2671 anilem.
358 2636 470 2679 Quod
487 2636 609 2673 minus
629 2638 815 2673 convenit.
832 2639 846 2685 fl
865 2639 942 2673 662.
961 2651 1075 2674 secum
1092 2638 1244 2688 nostrae]
1263 2642 1414 2675 nostrae

52 2696 188 2721 secum.
234 2686 417 2723 Primaria
429 2688 527 2723 enim
539 2687 643 2723 notio
657 2688 696 2723 in
708 2701 821 2724 secum
832 2716 841 2734 ,
854 2700 931 2725 non
943 2689 982 2725 in
994 2696 1143 2725 nostrae.

119 2737 204 2772 Lib.
217 2737 264 2782 V,
279 2738 311 2773 6.
317 2737 447 2787 posset]
466 2739 599 2784 possit.
646 2739 824 2785 Languet
841 2740 1030 2786 generalis
1049 2740 1246 2777 sententia.
1262 2741 1276 2788 fl
1293 2741 1349 2776 29.
1364 2742 1414 2775 di-

54 2786 192 2836 mittere]
211 2788 416 2824 demittere.
438 2790 451 2836 Ι]
475 2790 530 2825 38.
552 2789 700 2839 Criniso]
720 2789 887 2827 Crimiso.
940 2791 1041 2827 Illud
1058 2795 1209 2828 tuentur
1233 2791 1319 2826 libri
1339 2802 1415 2826 om-

1130 2838 1184 2881 B*
