<?xml version="1.0" encoding="UTF-8"?>
<!DOCTYPE html PUBLIC "-//W3C//DTD XHTML 1.0 Transitional//EN"
    "http://www.w3.org/TR/xhtml1/DTD/xhtml1-transitional.dtd">
<html xmlns="http://www.w3.org/1999/xhtml" xml:lang="en" lang="en">
 <head>
  <title>
</title>
<meta http-equiv="Content-Type" content="text/html;charset=utf-8" />
  <meta name='ocr-system' content='tesseract 3.04.00' />
  <meta name='ocr-capabilities' content='ocr_page ocr_carea ocr_par ocr_line ocrx_word'/>
</head>
<body>
  <div class='ocr_page' id='page_1' title='image "./operavirg00virguoft_0050.png"; bbox 0 0 1742 3042; ppageno 0'>
   <div class='ocr_carea' id='block_1_1' title="bbox 274 610 314 638">
    <p class='ocr_par' dir='ltr' id='par_1_1' title="bbox 274 610 314 638">
     <span class='ocr_line' id='line_1_1' title="bbox 274 610 314 638; baseline 0 0"><span class='ocrx_word' id='word_1_1' title='bbox 274 610 314 638; x_wconf 89' lang='lat'>35</span> 
     </span>
    </p>
   </div>
   <div class='ocr_carea' id='block_1_2' title="bbox 271 909 314 939">
    <p class='ocr_par' dir='ltr' id='par_1_2' title="bbox 271 909 314 939">
     <span class='ocr_line' id='line_1_2' title="bbox 271 909 314 939; baseline 0.023 -1"><span class='ocrx_word' id='word_1_2' title='bbox 271 909 314 939; x_wconf 83' lang='lat'>40</span> 
     </span>
    </p>
   </div>
   <div class='ocr_carea' id='block_1_3' title="bbox 272 1212 315 1241">
    <p class='ocr_par' dir='ltr' id='par_1_3' title="bbox 272 1212 315 1241">
     <span class='ocr_line' id='line_1_3' title="bbox 272 1212 315 1241; baseline 0 0"><span class='ocrx_word' id='word_1_3' title='bbox 272 1212 315 1241; x_wconf 83' lang='lat'>45</span> 
     </span>
    </p>
   </div>
   <div class='ocr_carea' id='block_1_4' title="bbox 272 1513 314 1543">
    <p class='ocr_par' dir='ltr' id='par_1_4' title="bbox 272 1513 314 1543">
     <span class='ocr_line' id='line_1_4' title="bbox 272 1513 314 1543; baseline 0.024 -1"><span class='ocrx_word' id='word_1_4' title='bbox 272 1513 314 1543; x_wconf 81' lang='lat'>50</span> 
     </span>
    </p>
   </div>
   <div class='ocr_carea' id='block_1_5' title="bbox 273 1815 315 1844">
    <p class='ocr_par' dir='ltr' id='par_1_5' title="bbox 273 1815 315 1844">
     <span class='ocr_line' id='line_1_5' title="bbox 273 1815 315 1844; baseline 0 0"><span class='ocrx_word' id='word_1_5' title='bbox 273 1815 315 1844; x_wconf 91' lang='lat'>55</span> 
     </span>
    </p>
   </div>
   <div class='ocr_carea' id='block_1_6' title="bbox 342 307 1268 348">
    <p class='ocr_par' dir='ltr' id='par_1_6' title="bbox 342 307 1268 348">
     <span class='ocr_line' id='line_1_6' title="bbox 342 307 1268 348; baseline -0.003 0"><span class='ocrx_word' id='word_1_6' title='bbox 342 307 393 348; x_wconf 84' lang='lat'>18</span> <span class='ocrx_word' id='word_1_7' title='bbox 738 313 779 346; x_wconf 94' lang='lat' dir='ltr'>P.</span> <span class='ocrx_word' id='word_1_8' title='bbox 799 310 1028 347; x_wconf 79' lang='lat' dir='ltr'>VERGILH</span> <span class='ocrx_word' id='word_1_9' title='bbox 1046 308 1268 347; x_wconf 84' lang='lat' dir='ltr'>MARONIS</span> 
     </span>
    </p>
   </div>
   <div class='ocr_carea' id='block_1_7' title="bbox 337 410 1535 2096">
    <p class='ocr_par' dir='ltr' id='par_1_7' title="bbox 337 410 1535 2096">
     <span class='ocr_line' id='line_1_7' title="bbox 338 410 1215 471; baseline -0.008 -14"><span class='ocrx_word' id='word_1_10' title='bbox 338 416 509 471; x_wconf 90' lang='lat' dir='ltr'>puniceo</span> <span class='ocrx_word' id='word_1_11' title='bbox 534 414 659 455; x_wconf 89' lang='lat' dir='ltr'>stabis</span> <span class='ocrx_word' id='word_1_12' title='bbox 685 426 800 453; x_wconf 88' lang='lat' dir='ltr'>suras</span> <span class='ocrx_word' id='word_1_13' title='bbox 825 411 985 452; x_wconf 89' lang='lat' dir='ltr'>evincta</span> <span class='ocrx_word' id='word_1_14' title='bbox 1007 410 1215 451; x_wconf 84' lang='lat' dir='ltr'>cothurno.</span> 
     </span>
     <span class='ocr_line' id='line_1_8' title="bbox 339 470 1535 540; baseline -0.004 -23"><span class='ocrx_word' id='word_1_15' title='bbox 339 477 389 517; x_wconf 92' lang='grc' dir='ltr'>Τ.</span> <span class='ocrx_word' id='word_1_16' title='bbox 423 474 568 517; x_wconf 90' lang='lat' dir='ltr'>Sinum</span> <span class='ocrx_word' id='word_1_17' title='bbox 591 473 707 514; x_wconf 83' lang='lat' dir='ltr'>lactis</span> <span class='ocrx_word' id='word_1_18' title='bbox 731 478 772 513; x_wconf 89' lang='lat' dir='ltr'>et</span> <span class='ocrx_word' id='word_1_19' title='bbox 793 471 895 512; x_wconf 88' lang='lat' dir='ltr'>haec</span> <span class='ocrx_word' id='word_1_20' title='bbox 918 476 957 512; x_wconf 89' lang='lat' dir='ltr'>te</span> <span class='ocrx_word' id='word_1_21' title='bbox 980 470 1081 520; x_wconf 84' lang='lat' dir='ltr'>liba,</span> <span class='ocrx_word' id='word_1_22' title='bbox 1106 470 1273 540; x_wconf 87' lang='lat' dir='ltr'>Priape,</span> <span class='ocrx_word' id='word_1_23' title='bbox 1298 477 1397 524; x_wconf 81' lang='lat' dir='ltr'>quot</span> <span class='ocrx_word' id='word_1_24' title='bbox 1419 473 1535 513; x_wconf 88' lang='lat' dir='ltr'>annis</span> 
     </span>
     <span class='ocr_line' id='line_1_9' title="bbox 339 531 1349 590; baseline -0.006 -13"><span class='ocrx_word' id='word_1_25' title='bbox 339 541 574 590; x_wconf 87' lang='lat' dir='ltr'>exspectare</span> <span class='ocrx_word' id='word_1_26' title='bbox 600 539 662 575; x_wconf 88' lang='lat' dir='ltr'>sat</span> <span class='ocrx_word' id='word_1_27' title='bbox 686 538 765 573; x_wconf 90' lang='lat' dir='ltr'>est.</span> <span class='ocrx_word' id='word_1_28' title='bbox 791 537 928 572; x_wconf 88' lang='lat' dir='ltr'>custos</span> <span class='ocrx_word' id='word_1_29' title='bbox 953 545 996 572; x_wconf 91' lang='lat' dir='ltr'>es</span> <span class='ocrx_word' id='word_1_30' title='bbox 1020 531 1209 585; x_wconf 90' lang='lat' dir='ltr'>pauperis</span> <span class='ocrx_word' id='word_1_31' title='bbox 1233 531 1349 572; x_wconf 89' lang='lat' dir='ltr'>horti.</span> 
     </span>
     <span class='ocr_line' id='line_1_10' title="bbox 338 592 1464 646; baseline -0.004 -9"><span class='ocrx_word' id='word_1_32' title='bbox 338 610 446 637; x_wconf 91' lang='lat' dir='ltr'>nunc</span> <span class='ocrx_word' id='word_1_33' title='bbox 469 600 508 635; x_wconf 91' lang='lat' dir='ltr'>te</span> <span class='ocrx_word' id='word_1_34' title='bbox 532 606 802 634; x_wconf 89' lang='lat' dir='ltr'>marmoreum</span> <span class='ocrx_word' id='word_1_35' title='bbox 825 606 898 646; x_wconf 91' lang='lat' dir='ltr'>pro</span> <span class='ocrx_word' id='word_1_36' title='bbox 923 597 1104 646; x_wconf 91' lang='lat' dir='ltr'>tempore</span> <span class='ocrx_word' id='word_1_37' title='bbox 1127 592 1319 633; x_wconf 81' lang='lat' dir='ltr'><strong>fecimus:</strong></span> <span class='ocrx_word' id='word_1_38' title='bbox 1344 597 1385 632; x_wconf 91' lang='lat' dir='ltr'>at</span> <span class='ocrx_word' id='word_1_39' title='bbox 1407 598 1464 641; x_wconf 90' lang='lat' dir='ltr'>tu,</span> 
     </span>
     <span class='ocr_line' id='line_1_11' title="bbox 339 652 1306 708; baseline -0.004 -12"><span class='ocrx_word' id='word_1_40' title='bbox 339 656 373 696; x_wconf 91' lang='lat' dir='ltr'>si</span> <span class='ocrx_word' id='word_1_41' title='bbox 396 655 530 695; x_wconf 88' lang='lat' dir='ltr'>fetura</span> <span class='ocrx_word' id='word_1_42' title='bbox 552 667 720 708; x_wconf 85' lang='lat' dir='ltr'>gregem</span> <span class='ocrx_word' id='word_1_43' title='bbox 745 652 1010 706; x_wconf 81' lang='lat' dir='ltr'>suppleverit,</span> <span class='ocrx_word' id='word_1_44' title='bbox 1036 666 1181 693; x_wconf 87' lang='lat' dir='ltr'>aureus</span> <span class='ocrx_word' id='word_1_45' title='bbox 1206 658 1306 693; x_wconf 90' lang='lat' dir='ltr'>esto.</span> 
     </span>
     <span class='ocr_line' id='line_1_12' title="bbox 396 711 1504 767; baseline -0.003 -12"><span class='ocrx_word' id='word_1_46' title='bbox 396 714 444 756; x_wconf 93' lang='lat' dir='ltr'>C.</span> <span class='ocrx_word' id='word_1_47' title='bbox 474 714 623 755; x_wconf 87' lang='lat' dir='ltr'>Nerine</span> <span class='ocrx_word' id='word_1_48' title='bbox 649 712 839 762; x_wconf 82' lang='lat' dir='ltr'>Galatea,</span> <span class='ocrx_word' id='word_1_49' title='bbox 864 713 1004 767; x_wconf 89' lang='lat' dir='ltr'>thymo</span> <span class='ocrx_word' id='word_1_50' title='bbox 1028 712 1128 753; x_wconf 91' lang='lat' dir='ltr'>mihi</span> <span class='ocrx_word' id='word_1_51' title='bbox 1150 712 1306 753; x_wconf 90' lang='lat' dir='ltr'>dulcior</span> <span class='ocrx_word' id='word_1_52' title='bbox 1330 711 1504 767; x_wconf 87' lang='lat' dir='ltr'>Hyblae,</span> 
     </span>
     <span class='ocr_line' id='line_1_13' title="bbox 338 772 1266 828; baseline -0.003 -12"><span class='ocrx_word' id='word_1_53' title='bbox 338 775 546 816; x_wconf 85' lang='lat' dir='ltr'>candidior</span> <span class='ocrx_word' id='word_1_54' title='bbox 569 774 727 828; x_wconf 82' lang='lat' dir='ltr'>cycnis,</span> <span class='ocrx_word' id='word_1_55' title='bbox 753 773 903 814; x_wconf 90' lang='lat' dir='ltr'>hedera</span> <span class='ocrx_word' id='word_1_56' title='bbox 924 773 1140 814; x_wconf 86' lang='lat' dir='ltr'>formosior</span> <span class='ocrx_word' id='word_1_57' title='bbox 1162 772 1266 822; x_wconf 89' lang='lat' dir='ltr'>alba,</span> 
     </span>
     <span class='ocr_line' id='line_1_14' title="bbox 338 833 1337 890; baseline -0.003 -14"><span class='ocrx_word' id='word_1_58' title='bbox 338 850 431 876; x_wconf 93' lang='lat' dir='ltr'>cum</span> <span class='ocrx_word' id='word_1_59' title='bbox 454 835 630 890; x_wconf 90' lang='lat' dir='ltr'>primum</span> <span class='ocrx_word' id='word_1_60' title='bbox 653 834 760 889; x_wconf 91' lang='lat' dir='ltr'>pasti</span> <span class='ocrx_word' id='word_1_61' title='bbox 782 839 965 888; x_wconf 90' lang='lat' dir='ltr'>repetent</span> <span class='ocrx_word' id='word_1_62' title='bbox 986 833 1200 888; x_wconf 88' lang='lat' dir='ltr'>praesepia</span> <span class='ocrx_word' id='word_1_63' title='bbox 1222 833 1337 881; x_wconf 84' lang='lat' dir='ltr'>tauri,</span> 
     </span>
     <span class='ocr_line' id='line_1_15' title="bbox 339 893 1332 950; baseline -0.004 -13"><span class='ocrx_word' id='word_1_64' title='bbox 339 896 374 937; x_wconf 90' lang='lat' dir='ltr'>si</span> <span class='ocrx_word' id='word_1_65' title='bbox 396 910 478 950; x_wconf 88' lang='lat' dir='ltr'>qua</span> <span class='ocrx_word' id='word_1_66' title='bbox 500 895 559 936; x_wconf 92' lang='lat' dir='ltr'>tui</span> <span class='ocrx_word' id='word_1_67' title='bbox 585 894 812 949; x_wconf 85' lang='lat' dir='ltr'>Corydonis</span> <span class='ocrx_word' id='word_1_68' title='bbox 835 893 959 935; x_wconf 86' lang='lat' dir='ltr'>habet</span> <span class='ocrx_word' id='word_1_69' title='bbox 981 900 1021 935; x_wconf 91' lang='lat' dir='ltr'>te</span> <span class='ocrx_word' id='word_1_70' title='bbox 1044 908 1159 943; x_wconf 90' lang='lat' dir='ltr'>cura,</span> <span class='ocrx_word' id='word_1_71' title='bbox 1184 894 1332 934; x_wconf 85' lang='lat' dir='ltr'>venito.</span> 
     </span>
     <span class='ocr_line' id='line_1_16' title="bbox 338 953 1514 1011; baseline -0.003 -14"><span class='ocrx_word' id='word_1_72' title='bbox 338 956 387 997; x_wconf 89' lang='lat' dir='ltr'>T.</span> <span class='ocrx_word' id='word_1_73' title='bbox 418 956 551 997; x_wconf 89' lang='lat' dir='ltr'>Immo</span> <span class='ocrx_word' id='word_1_74' title='bbox 575 970 653 1011; x_wconf 87' lang='lat' dir='ltr'>ego</span> <span class='ocrx_word' id='word_1_75' title='bbox 679 954 889 997; x_wconf 81' lang='lat' dir='ltr'>Sardoniis</span> <span class='ocrx_word' id='word_1_76' title='bbox 912 954 1052 996; x_wconf 89' lang='lat' dir='ltr'>videar</span> <span class='ocrx_word' id='word_1_77' title='bbox 1075 954 1149 996; x_wconf 92' lang='lat' dir='ltr'>tibi</span> <span class='ocrx_word' id='word_1_78' title='bbox 1171 955 1344 995; x_wconf 89' lang='lat' dir='ltr'>amarior</span> <span class='ocrx_word' id='word_1_79' title='bbox 1366 953 1514 1002; x_wconf 87' lang='lat' dir='ltr'>herbis,</span> 
     </span>
     <span class='ocr_line' id='line_1_17' title="bbox 337 1015 1167 1070; baseline -0.002 -13"><span class='ocrx_word' id='word_1_80' title='bbox 337 1016 536 1058; x_wconf 89' lang='lat' dir='ltr'>horridior</span> <span class='ocrx_word' id='word_1_81' title='bbox 558 1030 697 1066; x_wconf 89' lang='lat' dir='ltr'>rusco,</span> <span class='ocrx_word' id='word_1_82' title='bbox 720 1015 901 1070; x_wconf 88' lang='lat' dir='ltr'>proiecta</span> <span class='ocrx_word' id='word_1_83' title='bbox 922 1015 1040 1056; x_wconf 88' lang='lat' dir='ltr'>vilior</span> <span class='ocrx_word' id='word_1_84' title='bbox 1062 1015 1167 1070; x_wconf 85' lang='lat' dir='ltr'>alga,</span> 
     </span>
     <span class='ocr_line' id='line_1_18' title="bbox 340 1076 1442 1130; baseline -0.002 -13"><span class='ocrx_word' id='word_1_85' title='bbox 340 1077 375 1118; x_wconf 90' lang='lat' dir='ltr'>si</span> <span class='ocrx_word' id='word_1_86' title='bbox 397 1076 498 1117; x_wconf 87' lang='lat' dir='ltr'>mihi</span> <span class='ocrx_word' id='word_1_87' title='bbox 520 1091 602 1117; x_wconf 90' lang='lat' dir='ltr'>non</span> <span class='ocrx_word' id='word_1_88' title='bbox 625 1076 727 1117; x_wconf 89' lang='lat' dir='ltr'>haec</span> <span class='ocrx_word' id='word_1_89' title='bbox 749 1076 822 1116; x_wconf 90' lang='lat' dir='ltr'>lux</span> <span class='ocrx_word' id='word_1_90' title='bbox 844 1081 928 1117; x_wconf 89' lang='lat' dir='ltr'>toto</span> <span class='ocrx_word' id='word_1_91' title='bbox 951 1076 1038 1117; x_wconf 88' lang='lat' dir='ltr'>iam</span> <span class='ocrx_word' id='word_1_92' title='bbox 1055 1076 1215 1130; x_wconf 77' lang='lat' dir='ltr'>longior</span> <span class='ocrx_word' id='word_1_93' title='bbox 1238 1090 1344 1116; x_wconf 90' lang='lat' dir='ltr'>anno</span> <span class='ocrx_word' id='word_1_94' title='bbox 1369 1081 1442 1116; x_wconf 88' lang='lat' dir='ltr'>est.</span> 
     </span>
     <span class='ocr_line' id='line_1_19' title="bbox 340 1136 1354 1191; baseline -0.001 -14"><span class='ocrx_word' id='word_1_95' title='bbox 340 1138 395 1178; x_wconf 91' lang='lat' dir='ltr'>ite</span> <span class='ocrx_word' id='word_1_96' title='bbox 419 1138 585 1178; x_wconf 89' lang='lat' dir='ltr'>domum</span> <span class='ocrx_word' id='word_1_97' title='bbox 608 1136 733 1191; x_wconf 87' lang='lat' dir='ltr'>pasti,</span> <span class='ocrx_word' id='word_1_98' title='bbox 759 1137 794 1177; x_wconf 91' lang='lat' dir='ltr'>si</span> <span class='ocrx_word' id='word_1_99' title='bbox 817 1136 908 1190; x_wconf 87' lang='lat' dir='ltr'>quis</span> <span class='ocrx_word' id='word_1_100' title='bbox 931 1137 1080 1191; x_wconf 90' lang='lat' dir='ltr'>pudor,</span> <span class='ocrx_word' id='word_1_101' title='bbox 1104 1137 1159 1177; x_wconf 89' lang='lat' dir='ltr'>ite</span> <span class='ocrx_word' id='word_1_102' title='bbox 1182 1136 1354 1177; x_wconf 90' lang='lat' dir='ltr'>iuvenci.</span> 
     </span>
     <span class='ocr_line' id='line_1_20' title="bbox 399 1196 1395 1245; baseline -0.001 -7"><span class='ocrx_word' id='word_1_103' title='bbox 399 1197 448 1239; x_wconf 91' lang='lat' dir='ltr'>C.</span> <span class='ocrx_word' id='word_1_104' title='bbox 478 1197 667 1238; x_wconf 87' lang='lat' dir='ltr'>Muscosi</span> <span class='ocrx_word' id='word_1_105' title='bbox 690 1197 824 1238; x_wconf 88' lang='lat' dir='ltr'>fontes</span> <span class='ocrx_word' id='word_1_106' title='bbox 849 1203 889 1237; x_wconf 89' lang='lat' dir='ltr'>et</span> <span class='ocrx_word' id='word_1_107' title='bbox 913 1211 1054 1238; x_wconf 90' lang='lat' dir='ltr'>somno</span> <span class='ocrx_word' id='word_1_108' title='bbox 1077 1197 1235 1238; x_wconf 87' lang='lat' dir='ltr'>mollior</span> <span class='ocrx_word' id='word_1_109' title='bbox 1257 1196 1395 1245; x_wconf 88' lang='lat' dir='ltr'>herba,</span> 
     </span>
     <span class='ocr_line' id='line_1_21' title="bbox 341 1257 1376 1312; baseline -0.002 -13"><span class='ocrx_word' id='word_1_110' title='bbox 341 1264 382 1299; x_wconf 88' lang='lat' dir='ltr'>et</span> <span class='ocrx_word' id='word_1_111' title='bbox 404 1272 509 1311; x_wconf 91' lang='lat' dir='ltr'>quae</span> <span class='ocrx_word' id='word_1_112' title='bbox 532 1272 606 1299; x_wconf 90' lang='lat' dir='ltr'>vos</span> <span class='ocrx_word' id='word_1_113' title='bbox 629 1273 721 1299; x_wconf 88' lang='lat' dir='ltr'>rara</span> <span class='ocrx_word' id='word_1_114' title='bbox 743 1257 882 1299; x_wconf 89' lang='lat' dir='ltr'>viridis</span> <span class='ocrx_word' id='word_1_115' title='bbox 906 1257 1006 1312; x_wconf 85' lang='lat' dir='ltr'>tegit</span> <span class='ocrx_word' id='word_1_116' title='bbox 1029 1257 1197 1298; x_wconf 86' lang='lat' dir='ltr'>arbutus</span> <span class='ocrx_word' id='word_1_117' title='bbox 1220 1257 1376 1305; x_wconf 83' lang='lat' dir='ltr'>umbra,</span> 
     </span>
     <span class='ocr_line' id='line_1_22' title="bbox 339 1318 1357 1373; baseline -0.001 -14"><span class='ocrx_word' id='word_1_118' title='bbox 339 1318 556 1360; x_wconf 84' lang='lat' dir='ltr'>solstitium</span> <span class='ocrx_word' id='word_1_119' title='bbox 579 1319 716 1373; x_wconf 90' lang='lat' dir='ltr'>pecori</span> <span class='ocrx_word' id='word_1_120' title='bbox 740 1318 962 1360; x_wconf 85' lang='lat' dir='ltr'>defendite:</span> <span class='ocrx_word' id='word_1_121' title='bbox 986 1318 1068 1359; x_wconf 88' lang='lat' dir='ltr'>iam</span> <span class='ocrx_word' id='word_1_122' title='bbox 1090 1318 1201 1359; x_wconf 90' lang='lat' dir='ltr'>venit</span> <span class='ocrx_word' id='word_1_123' title='bbox 1224 1323 1357 1358; x_wconf 87' lang='lat' dir='ltr'>aestas</span> 
     </span>
     <span class='ocr_line' id='line_1_23' title="bbox 339 1378 1405 1434; baseline -0.002 -14"><span class='ocrx_word' id='word_1_124' title='bbox 339 1379 542 1429; x_wconf 87' lang='lat' dir='ltr'>torrida,</span> <span class='ocrx_word' id='word_1_125' title='bbox 530 1394 611 1420; x_wconf 83' lang='lat' dir='ltr'>lam</span> <span class='ocrx_word' id='word_1_126' title='bbox 635 1379 744 1420; x_wconf 91' lang='lat' dir='ltr'>lento</span> <span class='ocrx_word' id='word_1_127' title='bbox 768 1384 932 1434; x_wconf 86' lang='lat' dir='ltr'>turgent</span> <span class='ocrx_word' id='word_1_128' title='bbox 953 1378 997 1419; x_wconf 90' lang='lat' dir='ltr'>in</span> <span class='ocrx_word' id='word_1_129' title='bbox 1018 1378 1184 1433; x_wconf 90' lang='lat' dir='ltr'>palmite</span> <span class='ocrx_word' id='word_1_130' title='bbox 1207 1392 1405 1433; x_wconf 87' lang='lat' dir='ltr'>gemmae.</span> 
     </span>
     <span class='ocr_line' id='line_1_24' title="bbox 339 1438 1532 1494; baseline -0.001 -14"><span class='ocrx_word' id='word_1_131' title='bbox 339 1438 389 1480; x_wconf 92' lang='lat' dir='ltr'>T.</span> <span class='ocrx_word' id='word_1_132' title='bbox 420 1439 505 1480; x_wconf 90' lang='lat' dir='ltr'>Hic</span> <span class='ocrx_word' id='word_1_133' title='bbox 527 1439 644 1480; x_wconf 88' lang='lat' dir='ltr'>focus</span> <span class='ocrx_word' id='word_1_134' title='bbox 669 1445 710 1480; x_wconf 90' lang='lat' dir='ltr'>et</span> <span class='ocrx_word' id='word_1_135' title='bbox 732 1440 874 1480; x_wconf 84' lang='lat' dir='ltr'>taedae</span> <span class='ocrx_word' id='word_1_136' title='bbox 896 1439 1089 1494; x_wconf 84' lang='lat' dir='ltr'>pingues,</span> <span class='ocrx_word' id='word_1_137' title='bbox 1114 1439 1180 1480; x_wconf 90' lang='lat' dir='ltr'>hic</span> <span class='ocrx_word' id='word_1_138' title='bbox 1203 1438 1437 1493; x_wconf 88' lang='lat' dir='ltr'>plurimus</span> <span class='ocrx_word' id='word_1_139' title='bbox 1426 1439 1532 1494; x_wconf 78' lang='lat' dir='ltr'>ignis</span> 
     </span>
     <span class='ocr_line' id='line_1_25' title="bbox 339 1499 1274 1554; baseline -0.001 -14"><span class='ocrx_word' id='word_1_140' title='bbox 339 1514 517 1554; x_wconf 89' lang='lat' dir='ltr'>semper,</span> <span class='ocrx_word' id='word_1_141' title='bbox 543 1506 583 1540; x_wconf 90' lang='lat' dir='ltr'>et</span> <span class='ocrx_word' id='word_1_142' title='bbox 606 1500 777 1541; x_wconf 85' lang='lat' dir='ltr'>adsidua</span> <span class='ocrx_word' id='word_1_143' title='bbox 799 1506 938 1554; x_wconf 90' lang='lat' dir='ltr'>postes</span> <span class='ocrx_word' id='word_1_144' title='bbox 963 1500 1133 1554; x_wconf 87' lang='lat' dir='ltr'>fuligine</span> <span class='ocrx_word' id='word_1_145' title='bbox 1155 1499 1274 1554; x_wconf 85' lang='lat' dir='ltr'>nigri.</span> 
     </span>
     <span class='ocr_line' id='line_1_26' title="bbox 338 1535 1380 1614; baseline -0.002 -13"><span class='ocrx_word' id='word_1_146' title='bbox 338 1560 405 1600; x_wconf 92' lang='lat' dir='ltr'>hic</span> <span class='ocrx_word' id='word_1_147' title='bbox 428 1566 585 1601; x_wconf 89' lang='lat' dir='ltr'>tantum</span> <span class='ocrx_word' id='word_1_148' title='bbox 606 1560 753 1601; x_wconf 88' lang='lat' dir='ltr'>boreae</span> <span class='ocrx_word' id='word_1_149' title='bbox 777 1574 965 1601; x_wconf 84' lang='lat' dir='ltr'>curamus</span> <span class='ocrx_word' id='word_1_150' title='bbox 989 1560 1159 1614; x_wconf 84' lang='lat' dir='ltr'>frigora,</span> <span class='ocrx_word' id='word_1_151' title='bbox 1183 1535 1380 1612; x_wconf 53' lang='lat' dir='ltr'>qouantum</span> 
     </span>
     <span class='ocr_line' id='line_1_27' title="bbox 341 1619 1454 1674; baseline -0.001 -14"><span class='ocrx_word' id='word_1_152' title='bbox 341 1630 410 1660; x_wconf 89' lang='lat' dir='ltr'>aut</span> <span class='ocrx_word' id='word_1_153' title='bbox 432 1635 646 1661; x_wconf 91' lang='lat' dir='ltr'>numerum</span> <span class='ocrx_word' id='word_1_154' title='bbox 668 1620 809 1674; x_wconf 89' lang='lat' dir='ltr'>lupus,</span> <span class='ocrx_word' id='word_1_155' title='bbox 834 1626 904 1661; x_wconf 91' lang='lat' dir='ltr'>aut</span> <span class='ocrx_word' id='word_1_156' title='bbox 928 1620 1121 1661; x_wconf 85' lang='lat' dir='ltr'>torrentia</span> <span class='ocrx_word' id='word_1_157' title='bbox 1143 1619 1311 1660; x_wconf 88' lang='lat' dir='ltr'>flumina</span> <span class='ocrx_word' id='word_1_158' title='bbox 1330 1620 1454 1674; x_wconf 87' lang='lat' dir='ltr'>ripas.</span> 
     </span>
     <span class='ocr_line' id='line_1_28' title="bbox 396 1678 1373 1734; baseline 0 -14"><span class='ocrx_word' id='word_1_159' title='bbox 396 1679 446 1721; x_wconf 90' lang='lat' dir='ltr'>C.</span> <span class='ocrx_word' id='word_1_160' title='bbox 479 1678 601 1721; x_wconf 90' lang='lat' dir='ltr'>Stant</span> <span class='ocrx_word' id='word_1_161' title='bbox 623 1685 664 1721; x_wconf 86' lang='lat' dir='ltr'>et</span> <span class='ocrx_word' id='word_1_162' title='bbox 686 1680 858 1734; x_wconf 89' lang='lat' dir='ltr'>iuniperi</span> <span class='ocrx_word' id='word_1_163' title='bbox 882 1686 923 1721; x_wconf 87' lang='lat' dir='ltr'>et</span> <span class='ocrx_word' id='word_1_164' title='bbox 945 1686 1158 1722; x_wconf 88' lang='lat' dir='ltr'>castaneae</span> <span class='ocrx_word' id='word_1_165' title='bbox 1182 1679 1373 1728; x_wconf 85' lang='lat' dir='ltr'>hirsutae,</span> 
     </span>
     <span class='ocr_line' id='line_1_29' title="bbox 339 1739 1526 1795; baseline -0.001 -14"><span class='ocrx_word' id='word_1_166' title='bbox 339 1746 464 1781; x_wconf 86' lang='lat' dir='ltr'>strata</span> <span class='ocrx_word' id='word_1_167' title='bbox 486 1740 618 1781; x_wconf 88' lang='lat' dir='ltr'>iacent</span> <span class='ocrx_word' id='word_1_168' title='bbox 639 1740 795 1795; x_wconf 89' lang='lat' dir='ltr'>passim</span> <span class='ocrx_word' id='word_1_169' title='bbox 819 1755 894 1782; x_wconf 88' lang='lat' dir='ltr'>sua</span> <span class='ocrx_word' id='word_1_170' title='bbox 916 1755 1102 1794; x_wconf 90' lang='lat' dir='ltr'>quaeque</span> <span class='ocrx_word' id='word_1_171' title='bbox 1126 1740 1203 1782; x_wconf 93' lang='lat' dir='ltr'>sub</span> <span class='ocrx_word' id='word_1_172' title='bbox 1227 1739 1369 1781; x_wconf 87' lang='lat' dir='ltr'>arbore</span> <span class='ocrx_word' id='word_1_173' title='bbox 1391 1754 1526 1794; x_wconf 86' lang='lat' dir='ltr'>poma,</span> 
     </span>
     <span class='ocr_line' id='line_1_30' title="bbox 340 1799 1302 1850; baseline 0.002 -10"><span class='ocrx_word' id='word_1_174' title='bbox 340 1800 476 1841; x_wconf 90' lang='lat' dir='ltr'>omnia</span> <span class='ocrx_word' id='word_1_175' title='bbox 497 1814 606 1841; x_wconf 87' lang='lat' dir='ltr'>nunc</span> <span class='ocrx_word' id='word_1_176' title='bbox 628 1801 762 1841; x_wconf 88' lang='lat' dir='ltr'>rident</span> <span class='ocrx_word' id='word_1_177' title='bbox 769 1816 780 1850; x_wconf 84' lang='lat'><em>3</em></span> <span class='ocrx_word' id='word_1_178' title='bbox 805 1806 847 1842; x_wconf 87' lang='lat' dir='ltr'>at</span> <span class='ocrx_word' id='word_1_179' title='bbox 871 1801 906 1842; x_wconf 92' lang='lat' dir='ltr'>si</span> <span class='ocrx_word' id='word_1_180' title='bbox 929 1801 1134 1843; x_wconf 88' lang='lat' dir='ltr'>formosus</span> <span class='ocrx_word' id='word_1_181' title='bbox 1156 1799 1302 1842; x_wconf 81' lang='lat' dir='ltr'>Alexis</span> 
     </span>
     <span class='ocr_line' id='line_1_31' title="bbox 339 1861 1355 1911; baseline 0.001 -10"><span class='ocrx_word' id='word_1_182' title='bbox 339 1861 544 1902; x_wconf 89' lang='lat' dir='ltr'>montibus</span> <span class='ocrx_word' id='word_1_183' title='bbox 568 1861 632 1902; x_wconf 86' lang='lat' dir='ltr'>his</span> <span class='ocrx_word' id='word_1_184' title='bbox 656 1861 793 1911; x_wconf 84' lang='lat' dir='ltr'>abeat,</span> <span class='ocrx_word' id='word_1_185' title='bbox 818 1862 958 1903; x_wconf 89' lang='lat' dir='ltr'>videas</span> <span class='ocrx_word' id='word_1_186' title='bbox 983 1868 1023 1903; x_wconf 93' lang='lat' dir='ltr'>et</span> <span class='ocrx_word' id='word_1_187' title='bbox 1045 1862 1213 1902; x_wconf 90' lang='lat' dir='ltr'>flumina</span> <span class='ocrx_word' id='word_1_188' title='bbox 1236 1862 1355 1902; x_wconf 90' lang='lat' dir='ltr'>sicca.</span> 
     </span>
     <span class='ocr_line' id='line_1_32' title="bbox 340 1920 1378 1976; baseline -0.001 -14"><span class='ocrx_word' id='word_1_189' title='bbox 340 1921 390 1962; x_wconf 91' lang='lat' dir='ltr'>T.</span> <span class='ocrx_word' id='word_1_190' title='bbox 419 1920 524 1962; x_wconf 89' lang='lat' dir='ltr'>Aret</span> <span class='ocrx_word' id='word_1_191' title='bbox 546 1935 660 1976; x_wconf 87' lang='lat' dir='ltr'>ager,</span> <span class='ocrx_word' id='word_1_192' title='bbox 685 1922 783 1962; x_wconf 91' lang='lat' dir='ltr'>vitio</span> <span class='ocrx_word' id='word_1_193' title='bbox 806 1922 982 1963; x_wconf 89' lang='lat' dir='ltr'>moriens</span> <span class='ocrx_word' id='word_1_194' title='bbox 1007 1922 1091 1963; x_wconf 88' lang='lat' dir='ltr'>sitit</span> <span class='ocrx_word' id='word_1_195' title='bbox 1113 1921 1217 1962; x_wconf 92' lang='lat' dir='ltr'>aeris</span> <span class='ocrx_word' id='word_1_196' title='bbox 1241 1921 1378 1970; x_wconf 87' lang='lat' dir='ltr'>herba,</span> 
     </span>
     <span class='ocr_line' id='line_1_33' title="bbox 338 1981 1296 2035; baseline 0 -13"><span class='ocrx_word' id='word_1_197' title='bbox 338 1981 468 2022; x_wconf 88' lang='lat' dir='ltr'>Liber</span> <span class='ocrx_word' id='word_1_198' title='bbox 489 1982 727 2035; x_wconf 87' lang='lat' dir='ltr'>pampineas</span> <span class='ocrx_word' id='word_1_199' title='bbox 750 1982 896 2023; x_wconf 88' lang='lat' dir='ltr'>invidit</span> <span class='ocrx_word' id='word_1_200' title='bbox 919 1981 1089 2024; x_wconf 88' lang='lat' dir='ltr'>collibus</span> <span class='ocrx_word' id='word_1_201' title='bbox 1111 1981 1296 2023; x_wconf 87' lang='lat' dir='ltr'>umbras:</span> 
     </span>
     <span class='ocr_line' id='line_1_34' title="bbox 342 2041 1420 2096; baseline 0 -14"><span class='ocrx_word' id='word_1_202' title='bbox 342 2041 544 2096; x_wconf 86' lang='lat' dir='ltr'>Phyllidis</span> <span class='ocrx_word' id='word_1_203' title='bbox 568 2042 747 2083; x_wconf 87' lang='lat' dir='ltr'>adventu</span> <span class='ocrx_word' id='word_1_204' title='bbox 768 2047 931 2083; x_wconf 87' lang='lat' dir='ltr'>nostrae</span> <span class='ocrx_word' id='word_1_205' title='bbox 953 2057 1097 2084; x_wconf 92' lang='lat' dir='ltr'>nemus</span> <span class='ocrx_word' id='word_1_206' title='bbox 1121 2056 1241 2084; x_wconf 92' lang='lat' dir='ltr'>omne</span> <span class='ocrx_word' id='word_1_207' title='bbox 1264 2041 1420 2090; x_wconf 87' lang='lat' dir='ltr'>virebit,</span> 
     </span>
    </p>
   </div>
   <div class='ocr_carea' id='block_1_8' title="bbox 275 2101 1332 2156">
    <p class='ocr_par' dir='ltr' id='par_1_8' title="bbox 275 2101 1332 2156">
     <span class='ocr_line' id='line_1_35' title="bbox 275 2101 1332 2156; baseline -0.003 -11"><span class='ocrx_word' id='word_1_208' title='bbox 275 2115 318 2146; x_wconf 87' lang='lat'>60</span> <span class='ocrx_word' id='word_1_209' title='bbox 340 2101 526 2156; x_wconf 84' lang='lat' dir='ltr'>Iuppiter</span> <span class='ocrx_word' id='word_1_210' title='bbox 548 2107 589 2143; x_wconf 88' lang='lat' dir='ltr'>et</span> <span class='ocrx_word' id='word_1_211' title='bbox 611 2102 717 2143; x_wconf 89' lang='lat' dir='ltr'>laeto</span> <span class='ocrx_word' id='word_1_212' title='bbox 741 2102 960 2143; x_wconf 90' lang='lat' dir='ltr'>descendet</span> <span class='ocrx_word' id='word_1_213' title='bbox 981 2102 1178 2156; x_wconf 83' lang='lat' dir='ltr'>plurimus</span> <span class='ocrx_word' id='word_1_214' title='bbox 1202 2102 1332 2143; x_wconf 91' lang='lat' dir='ltr'>imbri.</span> 
     </span>
    </p>
   </div>
   <div class='ocr_carea' id='block_1_9' title="bbox 275 2417 316 2447">
    <p class='ocr_par' dir='ltr' id='par_1_9' title="bbox 275 2417 316 2447">
     <span class='ocr_line' id='line_1_36' title="bbox 275 2417 316 2447; baseline 0.024 -1"><span class='ocrx_word' id='word_1_215' title='bbox 275 2417 316 2447; x_wconf 82' lang='lat'>65</span> 
     </span>
    </p>
   </div>
   <div class='ocr_carea' id='block_1_10' title="bbox 339 2162 1668 2699">
    <p class='ocr_par' dir='ltr' id='par_1_10' title="bbox 339 2162 1668 2699">
     <span class='ocr_line' id='line_1_37' title="bbox 397 2162 1432 2218; baseline -0.001 -15"><span class='ocrx_word' id='word_1_216' title='bbox 397 2162 446 2204; x_wconf 85' lang='lat' dir='ltr'>C.</span> <span class='ocrx_word' id='word_1_217' title='bbox 476 2162 661 2217; x_wconf 88' lang='lat' dir='ltr'>Populus</span> <span class='ocrx_word' id='word_1_218' title='bbox 684 2162 858 2204; x_wconf 86' lang='lat' dir='ltr'>Alcidae</span> <span class='ocrx_word' id='word_1_219' title='bbox 881 2163 1130 2218; x_wconf 86' lang='lat' dir='ltr'>gratissima,</span> <span class='ocrx_word' id='word_1_220' title='bbox 1154 2163 1248 2204; x_wconf 88' lang='lat' dir='ltr'>vitis</span> <span class='ocrx_word' id='word_1_221' title='bbox 1272 2162 1432 2211; x_wconf 87' lang='lat' dir='ltr'>Iaccho,</span> 
     </span>
     <span class='ocr_line' id='line_1_38' title="bbox 339 2223 1389 2278; baseline 0 -15"><span class='ocrx_word' id='word_1_222' title='bbox 339 2223 544 2264; x_wconf 85' lang='lat' dir='ltr'>formosae</span> <span class='ocrx_word' id='word_1_223' title='bbox 567 2229 724 2278; x_wconf 87' lang='lat' dir='ltr'>myrtus</span> <span class='ocrx_word' id='word_1_224' title='bbox 748 2223 918 2273; x_wconf 92' lang='lat' dir='ltr'>Veneri,</span> <span class='ocrx_word' id='word_1_225' title='bbox 944 2238 1019 2264; x_wconf 88' lang='lat' dir='ltr'>sua</span> <span class='ocrx_word' id='word_1_226' title='bbox 1040 2223 1179 2264; x_wconf 89' lang='lat' dir='ltr'>laurea</span> <span class='ocrx_word' id='word_1_227' title='bbox 1200 2223 1389 2272; x_wconf 90' lang='lat' dir='ltr'>Phoeb0;</span> 
     </span>
     <span class='ocr_line' id='line_1_39' title="bbox 340 2283 1437 2338; baseline -0.001 -15"><span class='ocrx_word' id='word_1_228' title='bbox 340 2283 498 2337; x_wconf 86' lang='lat' dir='ltr'>Phyllis</span> <span class='ocrx_word' id='word_1_229' title='bbox 522 2289 632 2324; x_wconf 85' lang='lat' dir='ltr'>amat</span> <span class='ocrx_word' id='word_1_230' title='bbox 654 2284 832 2338; x_wconf 86' lang='lat' dir='ltr'>corylos:</span> <span class='ocrx_word' id='word_1_231' title='bbox 855 2284 946 2325; x_wconf 90' lang='lat' dir='ltr'>illas</span> <span class='ocrx_word' id='word_1_232' title='bbox 970 2284 1069 2325; x_wconf 89' lang='lat' dir='ltr'>dum</span> <span class='ocrx_word' id='word_1_233' title='bbox 1090 2283 1248 2338; x_wconf 89' lang='lat' dir='ltr'>Phyllis</span> <span class='ocrx_word' id='word_1_234' title='bbox 1273 2283 1437 2331; x_wconf 81' lang='lat' dir='ltr'>amabit,</span> 
     </span>
     <span class='ocr_line' id='line_1_40' title="bbox 341 2344 1406 2400; baseline 0 -15"><span class='ocrx_word' id='word_1_235' title='bbox 341 2359 417 2386; x_wconf 89' lang='lat' dir='ltr'>nec</span> <span class='ocrx_word' id='word_1_236' title='bbox 439 2350 594 2399; x_wconf 85' lang='lat' dir='ltr'>myrtus</span> <span class='ocrx_word' id='word_1_237' title='bbox 619 2345 754 2386; x_wconf 90' lang='lat' dir='ltr'>vincet</span> <span class='ocrx_word' id='word_1_238' title='bbox 777 2345 954 2400; x_wconf 89' lang='lat' dir='ltr'>corylos,</span> <span class='ocrx_word' id='word_1_239' title='bbox 978 2360 1054 2386; x_wconf 90' lang='lat' dir='ltr'>nec</span> <span class='ocrx_word' id='word_1_240' title='bbox 1076 2345 1214 2386; x_wconf 87' lang='lat' dir='ltr'>laurea</span> <span class='ocrx_word' id='word_1_241' title='bbox 1235 2344 1406 2386; x_wconf 90' lang='lat' dir='ltr'>Phoebi.</span> 
     </span>
     <span class='ocr_line' id='line_1_41' title="bbox 342 2404 1504 2461; baseline -0.001 -16"><span class='ocrx_word' id='word_1_242' title='bbox 342 2404 391 2445; x_wconf 87' lang='lat' dir='ltr'>T.</span> <span class='ocrx_word' id='word_1_243' title='bbox 420 2405 622 2447; x_wconf 86' lang='lat' dir='ltr'>Fraxinus</span> <span class='ocrx_word' id='word_1_244' title='bbox 646 2406 690 2447; x_wconf 90' lang='lat' dir='ltr'>in</span> <span class='ocrx_word' id='word_1_245' title='bbox 713 2406 824 2447; x_wconf 90' lang='lat' dir='ltr'>silvis</span> <span class='ocrx_word' id='word_1_246' title='bbox 847 2406 1135 2460; x_wconf 91' lang='lat' dir='ltr'>pulcherrima,</span> <span class='ocrx_word' id='word_1_247' title='bbox 1159 2406 1279 2461; x_wconf 91' lang='lat' dir='ltr'>pinus</span> <span class='ocrx_word' id='word_1_248' title='bbox 1302 2405 1345 2445; x_wconf 94' lang='lat' dir='ltr'>in</span> <span class='ocrx_word' id='word_1_249' title='bbox 1366 2404 1504 2453; x_wconf 89' lang='lat' dir='ltr'>hortis,</span> 
     </span>
     <span class='ocr_line' id='line_1_42' title="bbox 341 2465 1325 2519; baseline 0 -13"><span class='ocrx_word' id='word_1_250' title='bbox 341 2465 516 2519; x_wconf 89' lang='lat' dir='ltr'>populus</span> <span class='ocrx_word' id='word_1_251' title='bbox 539 2466 583 2506; x_wconf 91' lang='lat' dir='ltr'>in</span> <span class='ocrx_word' id='word_1_252' title='bbox 604 2466 758 2516; x_wconf 90' lang='lat' dir='ltr'>fluviis,</span> <span class='ocrx_word' id='word_1_253' title='bbox 783 2466 895 2508; x_wconf 86' lang='lat' dir='ltr'>abies</span> <span class='ocrx_word' id='word_1_254' title='bbox 919 2467 963 2507; x_wconf 91' lang='lat' dir='ltr'>in</span> <span class='ocrx_word' id='word_1_255' title='bbox 985 2466 1190 2508; x_wconf 89' lang='lat' dir='ltr'>montibus</span> <span class='ocrx_word' id='word_1_256' title='bbox 1214 2466 1325 2515; x_wconf 84' lang='lat' dir='ltr'>altis;</span> 
     </span>
     <span class='ocr_line' id='line_1_43' title="bbox 343 2526 1335 2581; baseline 0 -15"><span class='ocrx_word' id='word_1_257' title='bbox 343 2526 506 2580; x_wconf 88' lang='lat' dir='ltr'>saepius</span> <span class='ocrx_word' id='word_1_258' title='bbox 531 2531 573 2567; x_wconf 90' lang='lat' dir='ltr'>at</span> <span class='ocrx_word' id='word_1_259' title='bbox 596 2526 631 2567; x_wconf 81' lang='lat' dir='ltr'>si</span> <span class='ocrx_word' id='word_1_260' title='bbox 654 2541 738 2577; x_wconf 90' lang='lat' dir='ltr'>me,</span> <span class='ocrx_word' id='word_1_261' title='bbox 762 2527 924 2581; x_wconf 86' lang='lat' dir='ltr'>Lycida</span> <span class='ocrx_word' id='word_1_262' title='bbox 946 2527 1142 2576; x_wconf 87' lang='lat' dir='ltr'>formose,</span> <span class='ocrx_word' id='word_1_263' title='bbox 1166 2526 1335 2574; x_wconf 88' lang='lat' dir='ltr'>revisas,</span> 
     </span>
     <span class='ocr_line' id='line_1_44' title="bbox 343 2585 1354 2641; baseline 0 -16"><span class='ocrx_word' id='word_1_264' title='bbox 343 2585 525 2627; x_wconf 87' lang='lat' dir='ltr'>fraxinus</span> <span class='ocrx_word' id='word_1_265' title='bbox 548 2587 591 2629; x_wconf 87' lang='lat' dir='ltr'>in</span> <span class='ocrx_word' id='word_1_266' title='bbox 616 2587 728 2628; x_wconf 88' lang='lat' dir='ltr'>silvis</span> <span class='ocrx_word' id='word_1_267' title='bbox 753 2588 870 2628; x_wconf 91' lang='lat' dir='ltr'>cedat</span> <span class='ocrx_word' id='word_1_268' title='bbox 893 2587 983 2637; x_wconf 89' lang='lat' dir='ltr'>tibi,</span> <span class='ocrx_word' id='word_1_269' title='bbox 1007 2588 1127 2641; x_wconf 89' lang='lat' dir='ltr'>pinus</span> <span class='ocrx_word' id='word_1_270' title='bbox 1150 2587 1195 2628; x_wconf 91' lang='lat' dir='ltr'>in</span> <span class='ocrx_word' id='word_1_271' title='bbox 1214 2586 1354 2627; x_wconf 87' lang='lat' dir='ltr'>hortis.</span> 
     </span>
     <span class='ocr_line' id='line_1_45' title="bbox 398 2644 1668 2699; baseline -0.002 -13"><span class='ocrx_word' id='word_1_272' title='bbox 398 2645 458 2686; x_wconf 95' lang='lat' dir='ltr'>M.</span> <span class='ocrx_word' id='word_1_273' title='bbox 489 2646 607 2687; x_wconf 89' lang='lat' dir='ltr'>Haec</span> <span class='ocrx_word' id='word_1_274' title='bbox 618 2648 795 2697; x_wconf 90' lang='lat' dir='ltr'>memini,</span> <span class='ocrx_word' id='word_1_275' title='bbox 816 2654 856 2689; x_wconf 91' lang='lat' dir='ltr'>et</span> <span class='ocrx_word' id='word_1_276' title='bbox 872 2648 1025 2690; x_wconf 88' lang='lat' dir='ltr'>victum</span> <span class='ocrx_word' id='word_1_277' title='bbox 1043 2648 1192 2689; x_wconf 86' lang='lat' dir='ltr'>frustra</span> <span class='ocrx_word' id='word_1_278' title='bbox 1210 2645 1450 2687; x_wconf 84' lang='lat' dir='ltr'>contendere</span> <span class='ocrx_word' id='word_1_279' title='bbox 1464 2644 1668 2699; x_wconf 85' lang='lat' dir='ltr'>Thyrsim.</span> 
     </span>
    </p>
   </div>
   <div class='ocr_carea' id='block_1_11' title="bbox 279 2705 1365 2762">
    <p class='ocr_par' dir='ltr' id='par_1_11' title="bbox 279 2705 1365 2762">
     <span class='ocr_line' id='line_1_46' title="bbox 279 2705 1365 2762; baseline -0.002 -14"><span class='ocrx_word' id='word_1_280' title='bbox 279 2718 319 2748; x_wconf 86' lang='lat'>70</span> <span class='ocrx_word' id='word_1_281' title='bbox 345 2719 393 2746; x_wconf 86' lang='lat' dir='ltr'>ex</span> <span class='ocrx_word' id='word_1_282' title='bbox 418 2706 485 2746; x_wconf 89' lang='lat' dir='ltr'>illo</span> <span class='ocrx_word' id='word_1_283' title='bbox 511 2705 704 2760; x_wconf 88' lang='lat' dir='ltr'>Corydon</span> <span class='ocrx_word' id='word_1_284' title='bbox 728 2707 922 2762; x_wconf 86' lang='lat' dir='ltr'>Corydon</span> <span class='ocrx_word' id='word_1_285' title='bbox 946 2714 1009 2749; x_wconf 88' lang='lat' dir='ltr'>est</span> <span class='ocrx_word' id='word_1_286' title='bbox 1031 2714 1211 2762; x_wconf 87' lang='lat' dir='ltr'>tempore</span> <span class='ocrx_word' id='word_1_287' title='bbox 1234 2705 1365 2747; x_wconf 89' lang='lat' dir='ltr'>nobis.</span> 
     </span>
    </p>
   </div>
   <div class='ocr_carea' id='block_1_12' title="bbox 875 2792 1146 2797">
    <p class='ocr_par' dir='ltr' id='par_1_12' title="bbox 875 2792 1146 2797">
     <span class='ocr_line' id='line_1_47' title="bbox 875 2792 1146 2797; baseline 0 0"><span class='ocrx_word' id='word_1_288' title='bbox 875 2792 1146 2797; x_wconf 95' lang='lat' dir='ltr'> </span> 
     </span>
    </p>
   </div>
  </div>
 </body>
</html>
