1800 3106
551 288 810 327 AENEIDOS
829 287 929 323 LIB.
948 288 1052 324 VIII.
1404 279 1488 322 243

121 410 246 439 aurea
268 409 376 450 quae
398 394 636 451 perhibent,
661 393 732 436 illo
758 391 837 435 sub
860 406 961 449 rege
985 391 1101 434 fuere

121 457 305 501 saecula:
331 457 391 500 sic
414 456 579 513 placida
602 455 780 512 populos
805 455 850 496 in
871 469 976 510 pace
999 454 1185 511 regebat,
1514 468 1580 499 325

120 520 297 563 deterior
320 521 452 562 donec
474 519 690 576 paullatim
714 533 764 561 ac
787 517 955 560 decolor
977 524 1091 560 aetas

120 589 161 625 et
183 582 282 625 belli
303 582 441 625 rabies
467 588 509 624 et
532 596 649 624 amor
673 580 877 623 successit
899 579 1093 622 habendi.

119 655 209 687 tum
231 660 380 687 manus
404 643 598 687 Ausonia
621 650 663 686 et
685 649 833 700 gentes
857 657 1008 685 venere
1035 640 1226 693 Sicanae,

120 708 286 764 saepius
311 714 352 750 et
375 722 528 750 nomen
549 706 690 763 posuit
715 704 913 748 Saturnia
935 705 1078 756 tellus3

118 778 209 812 tum
230 784 352 827 reges
377 783 581 825 asperque
604 768 765 810 inmani
785 782 957 823 corpore
982 767 1179 823 Thybris,
1515 780 1582 812 330

118 848 144 874 a
166 846 250 887 quo
273 837 370 888 post
393 830 491 872 Itali
519 830 694 872 fluvium
718 829 967 886 cognomine
992 829 1198 885 Thybrim

118 895 322 945 diximus3
347 893 485 936 amisit
509 907 657 935 verum
679 898 802 934 vetus
825 890 986 934 Albula
1009 906 1173 934 nomen.

117 972 185 999 me
207 956 377 1013 pulsum
399 955 534 1027 patria
555 954 776 1011 pelagique
801 960 988 996 extrema
1012 960 1256 1009 sequentem

117 1019 285 1062 fortuna
308 1018 570 1074 omnipotens
595 1023 637 1059 et
659 1015 924 1059 ineluctabile
949 1015 1084 1058 fatum

116 1081 182 1124 his
206 1095 383 1137 posuere
406 1080 529 1131 loeis,
554 1079 782 1134 matrisque
808 1093 932 1136 egere
955 1078 1171 1120 tremenda
1516 1091 1581 1122 335

119 1143 353 1187 Carmentis
377 1142 598 1199 Nymphae
622 1142 780 1184 monita
804 1148 846 1184 et
869 1142 973 1184 deus
998 1147 1143 1183 auctor
1164 1139 1362 1197 Apollo.“

117 1207 189 1248 vix
212 1221 262 1248 ea
285 1206 415 1257 dicta,
441 1205 592 1248 dehinc
614 1220 863 1262 progressus
887 1210 1091 1247 monstrat
1114 1210 1156 1246 et
1180 1219 1296 1246 aram

118 1275 160 1310 et
184 1267 492 1311 Carmentalem
514 1267 696 1310 Romani
719 1267 888 1309 nomine
910 1273 1074 1323 portam

117 1345 244 1385 quam
267 1335 516 1380 memorant,
540 1329 761 1385 Nymphae
785 1329 970 1385 priscum
996 1327 1233 1371 Carmentis
1257 1327 1471 1378 honorem,

118 1393 225 1434 vatis
250 1392 462 1442 fatidicae,
488 1391 638 1433 cecinit
660 1406 768 1446 quae
791 1391 926 1447 prima
949 1391 1113 1433 futuros
1517 1403 1582 1433 340

118 1453 343 1496 Aeneadas
367 1468 546 1510 magnos
572 1460 613 1495 et
636 1453 775 1496 nobile
799 1453 1077 1495 Pallanteum.

118 1517 215 1559 hino
238 1516 378 1558 lucum
402 1516 634 1572 ingentem,
660 1530 786 1570 quem
809 1515 1016 1558 Romulus
1042 1529 1138 1557 acer
1161 1514 1327 1570 asylum

116 1578 291 1629 rettulit,
317 1584 358 1620 et
381 1578 521 1634 gelida
543 1584 748 1620 monstrat
772 1577 851 1620 sub
875 1592 979 1634 rupe
1002 1577 1230 1633 Lupercal,

116 1639 341 1682 Parrhasio
366 1640 523 1681 dictum
546 1639 688 1682 Panos
713 1640 765 1682 de
789 1655 905 1682 more
928 1640 1104 1696 Lycaei.

117 1717 195 1744 neo
217 1717 302 1744 non
327 1707 368 1744 et
392 1702 499 1744 sacri
522 1707 726 1744 monstrat
748 1716 897 1744 nemus
921 1701 1115 1758 Argileti,
1515 1713 1582 1744 345

118 1771 375 1819 testaturque
398 1764 538 1806 locum
562 1770 604 1806 et
626 1764 756 1806 letum
780 1764 902 1806 docet
925 1764 1102 1820 hospitis
1129 1763 1251 1820 Argi.

117 1827 215 1868 hinc
239 1826 293 1868 ad
317 1825 540 1882 Tarpeiam
565 1826 708 1868 sedem
733 1831 774 1868 et
799 1825 1008 1882 Capitolia
1033 1827 1159 1877 ducit,

117 1903 243 1930 aurea
266 1902 394 1938 nunc,
420 1888 519 1930 olim
544 1887 804 1930 silvestribus
829 1888 998 1930 horrida
1022 1889 1173 1930 dumis.

117 1950 201 1992 iam
225 1956 314 1992 tum
337 1950 482 2006 religio
505 1950 680 2006 pavidos
706 1949 886 1992 terrebat
910 1951 1088 2007 agrestis

118 2012 208 2054 dira
230 2011 330 2063 loci,
356 2012 440 2054 iam
465 2018 553 2054 tum
578 2011 726 2054 silvam
752 2027 984 2067 saxumque
1009 2011 1254 2055 tremebant.
1517 2024 1582 2054 350

123 2074 229 2127 „hoc
252 2089 419 2125 nemus,
444 2074 588 2116 hunc“
613 2074 748 2129 inquit
775 2074 1000 2126 „frondoso
1024 2075 1180 2117 vertice
1205 2074 1368 2124 collem,

117 2137 211 2192 quis
235 2137 339 2179 deus
362 2137 565 2179 incertum
590 2143 673 2187 est,
699 2136 859 2179 habitat
883 2137 987 2180 deus
995 2154 1007 2189 3
1032 2136 1224 2180 Arcades
1248 2137 1388 2193 ipsum

118 2199 293 2241 credunt
317 2213 362 2241 se
385 2199 542 2241 vidisse
566 2199 731 2249 Iovem,
757 2213 854 2241 cum
878 2214 1004 2255 saepe
1028 2200 1264 2256 nigrantem

119 2259 289 2316 Aegida
313 2266 551 2302 concuteret
575 2260 739 2310 dextra,
764 2259 1013 2315 nimbosque
1038 2262 1176 2302 cieret.

119 2321 223 2363 haec
246 2321 328 2363 duo
352 2327 566 2377 praeterea
589 2321 773 2363 disiectis
799 2322 954 2377 oppida
977 2323 1120 2373 muris,
1518 2334 1583 2364 355

118 2382 313 2438 reliquias
337 2388 607 2437 veterumque
630 2382 748 2425 vides
772 2390 1042 2425 monumenta
1065 2384 1260 2426 virorum.

119 2444 228 2487 hanc
250 2443 380 2486 Ianus
404 2450 540 2500 pater,
567 2444 675 2486 hanc
701 2442 908 2487 Saturnus
934 2445 1118 2487 condidit
1141 2460 1298 2495 aroem3

119 2505 354 2548 Ianiculum
377 2505 493 2557 huic,
518 2505 579 2547 illi
602 2505 739 2547 fuerat
765 2504 961 2548 Saturnia
983 2510 1175 2549 nomen.“

120 2567 271 2611 talibus
295 2568 404 2610 inter
428 2583 474 2611 se
498 2568 620 2610 dictis
645 2568 700 2610 ad
723 2574 833 2610 tecta
858 2568 1054 2611 subibant

119 2630 314 2686 pauperis
338 2630 549 2682 Euandri,
573 2631 816 2687 passimque
841 2638 1028 2673 armenta
1050 2631 1247 2673 videbant
1516 2644 1583 2675 360

119 2691 392 2747 Romanoque
417 2693 508 2736 foro
532 2698 574 2734 et
596 2691 721 2734 lautis
745 2692 906 2749 mugire
932 2692 1110 2736 Carinis.

121 2760 167 2795 ut
190 2760 359 2796 ventum
383 2755 437 2797 ad
462 2755 601 2805 sedes,
629 2754 784 2807 „hae0“
809 2755 942 2810 inquit
970 2756 1137 2808 „limina
1160 2756 1292 2797 vietor

1178 2827 1258 2864 16*
