1820 3080
263 673 326 703 680

262 974 324 1006 685

262 1280 325 1309 690

262 1585 324 1615 095

263 1889 325 1918 ἲΟΟ

264 2192 325 2222 705

266 2495 326 2525 710

353 310 434 351 316
752 318 793 350 Ρ.
813 314 1042 352 VERGILII
1061 313 1284 350 MARONIS

351 426 528 472 quotque
553 418 702 458 emissa
725 431 849 457 manu
874 415 1069 456 contorsit
1093 414 1249 469 spicula
1272 415 1400 470 virgo,

351 486 410 520 tot
432 479 572 532 Phr0y
549 478 603 517 σίἰ
627 477 807 518 cecidere
831 476 918 517 viri.
944 476 1085 530 procul
1110 474 1296 530 Ornytus
1321 477 1443 518 armis

350 539 498 594 ignotis
523 544 562 578 et
586 552 690 591 equo
715 543 882 578 venator
904 537 1061 592 Iapyge
1084 536 1223 586 fertur,

351 600 416 640 oui
439 599 556 653 pellis
582 599 684 639 latos
709 598 900 639 humeros
925 604 1064 652 erepta
1086 598 1258 639 iuvenco

349 659 564 714 pugnatori
590 659 738 713 operit,
764 664 886 713 caput
908 659 1053 714 ingens
1079 658 1160 700 oris
1183 658 1318 700 hiatus

350 726 390 761 et
412 719 542 760 malae
568 727 703 761 texere
726 719 813 774 lupi
837 734 930 760 cum
953 718 1142 761 dentibus
1167 719 1284 768 albis,

349 780 603 835 agrestisque
627 795 771 821 manus
797 786 927 821 armat
951 795 1116 834 sparus3
1140 780 1228 834 ipse
1253 780 1424 821 catervis

349 841 517 882 vertitur
539 840 582 881 in
604 841 750 882 mediis
774 846 815 882 et
837 845 921 882 toto
946 840 1095 882 vertice
1120 855 1244 895 supra
1267 849 1340 882 est.

348 902 458 943 hunc
480 901 550 942 illa
573 906 806 956 exceptum,
831 915 964 955 neque
988 901 1095 955 enim
1118 901 1234 943 labor
1256 902 1417 956 agmine
1442 916 1571 951 verso,

349 962 481 1003 traicit
505 967 544 1002 et
569 977 691 1016 super
713 962 815 1004 haec
837 962 1001 1004 inimico
1023 968 1186 1017 pectore
1209 962 1334 1003 fatur:

352 1023 489 1073 „silvis
515 1029 572 1072 te,
598 1023 828 1077 Tynhene,
853 1023 961 1064 feras
986 1023 1138 1078 agitare
1161 1022 1337 1077 putasti?

349 1082 512 1124 advenit
535 1082 606 1136 qui
628 1089 764 1124 vestra
786 1083 873 1124 dies
897 1082 1161 1124 muliebribus
1186 1082 1308 1124 armis

349 1143 474 1185 verba
495 1144 758 1198 redarguerit.
783 1158 932 1185 nomen
955 1149 1090 1184 tamen
1113 1143 1223 1192 haud
1246 1143 1334 1184 leve
1358 1149 1518 1198 patrum

349 1204 537 1246 manibus
561 1204 639 1245 hoc
663 1204 833 1254 referes,
858 1204 939 1246 telo
963 1204 1159 1246 cecidisse
1185 1203 1422 1246 Camillae.“

348 1266 530 1320 protinus
557 1263 820 1307 Orsilochum
845 1271 885 1306 et
907 1265 1061 1315 Buten,
1087 1265 1168 1306 duo
1191 1265 1369 1306 maxima
1392 1265 1596 1306 Teucrum

349 1342 535 1382 corpora:
561 1327 634 1368 sed
655 1326 793 1367 Buten
816 1341 1005 1368 aversum
1029 1325 1198 1380 cuspide
1221 1325 1310 1366 fixit

348 1388 515 1430 loricam
538 1387 780 1443 galeamque
803 1387 925 1436 inter,
951 1400 1032 1440 qua
1055 1386 1159 1428 colla
1182 1386 1359 1428 sedentis

348 1449 484 1490 lucent
508 1455 547 1489 et
570 1448 687 1488 laevo
712 1448 914 1502 dependet
937 1461 1079 1501 parma
1101 1447 1270 1497 lacert03

350 1508 611 1551 Orsilochum
636 1508 798 1564 fugiens
822 1522 1098 1564 magnumque
1122 1508 1274 1564 agitata
1295 1522 1369 1563 per
1392 1507 1530 1549 orbem

350 1571 475 1611 eludit
498 1584 600 1625 gyro
626 1569 807 1620 interior,
834 1569 1095 1623 sequiturque
1121 1575 1374 1623 sequentem3

348 1639 434 1672 tum
458 1631 634 1672 validam
658 1644 810 1685 perque
834 1646 947 1672 arma
968 1631 1056 1671 viro
1078 1644 1232 1684 perque
1256 1645 1352 1671 ossa
1376 1630 1560 1679 securim,

349 1693 466 1734 altior
489 1706 732 1747 exsurgens,
758 1692 889 1733 oranti
912 1697 953 1732 et
975 1691 1103 1732 multa
1125 1691 1305 1746 precanti

349 1753 624 1808 congeminat,
650 1753 796 1794 volnus
822 1753 951 1794 calido
974 1753 1081 1808 rigat
1104 1767 1175 1793 ora
1198 1751 1374 1793 cerebro.

347 1814 489 1855 incidit
512 1813 606 1854 huic
631 1813 845 1866 subitoque
869 1819 1038 1868 aspectu
1061 1813 1222 1854 territus
1246 1812 1378 1854 haesit

348 1874 701 1929 Appenninicolae
725 1874 896 1915 bellator
918 1874 1024 1915 filius
1049 1873 1175 1923 Auni,

348 1936 459 1976 haud
481 1935 685 1989 Ligurum
709 1939 933 1984 extremus,
959 1935 1057 1975 dum
1080 1934 1220 1975 fallere
1243 1934 1329 1975 fata
1354 1933 1550 1975 sinebant.

347 1997 483 2049 isque,
508 1995 579 2037 ubi
604 2009 648 2036 se
671 1995 783 2036 nullo
807 1995 889 2035 iam
913 2009 1034 2036 cursu
1059 1994 1230 2035 evadere
1252 2008 1415 2049 pugnae

347 2071 471 2111 posse
495 2070 627 2109 neque
651 2055 869 2096 instantem
891 2056 1075 2111 reginam
1099 2060 1279 2096 avertere
1303 2055 1441 2103 cernit,

350 2116 518 2158 consilio
542 2130 703 2157 versare
727 2115 842 2157 dolos
867 2116 1077 2172 ingressus
1103 2121 1141 2156 et
1166 2121 1259 2157 astu

349 2178 489 2232 incipit
513 2178 631 2219 haec:
660 2177 784 2230 „quid
807 2183 892 2218 tam
915 2177 1143 2232 egregium,
1170 2177 1206 2218 si
1228 2175 1381 2217 femina
1404 2175 1498 2216 forti

349 2239 441 2280 fidis
466 2238 596 2292 equo?
619 2238 775 2279 dimitte
799 2238 942 2294 fugam
966 2244 1006 2279 et
1029 2244 1069 2279 te
1094 2238 1321 2279 comminus
1345 2250 1475 2290 aequo

350 2314 510 2341 mecum
533 2299 652 2341 crede
677 2299 783 2349 solo,
808 2314 1053 2355 pugnaeque
1078 2299 1246 2354 accinge
1269 2298 1465 2353 pedestri:

350 2362 431 2402 iam
454 2375 618 2410 nosces,
642 2365 814 2402 ventosa
836 2361 941 2402 ferat
965 2361 1031 2402 cui
1054 2360 1185 2416 gloria
1207 2360 1431 2401 fraudem.“

350 2422 468 2471 dixit,
495 2427 536 2463 at
559 2421 628 2462 illa
650 2421 790 2463 furens
816 2422 978 2475 acrique
1003 2435 1175 2463 accensa
1197 2421 1335 2462 dolore

351 2483 471 2523 tradit
495 2497 645 2536 equum
669 2483 823 2532 comiti,
848 2482 1097 2538 paribusque
1118 2481 1270 2523 resistit
1292 2481 1334 2522 in
1358 2481 1492 2528 armis,

352 2558 447 2585 cnse
470 2544 596 2598 pedes
619 2544 749 2593 nudo,
773 2558 958 2598 puraque
980 2543 1162 2585 interrita
1184 2557 1336 2598 parma.

351 2610 392 2644 at
414 2604 591 2653 iuvenis,
617 2604 764 2646 vicisse
788 2604 882 2646 dolo
905 2610 1037 2654 ratus,
1063 2603 1198 2645 avolat
1220 2603 1320 2658 ipse,

351 2664 461 2704 haud
483 2679 614 2714 mora,
641 2665 929 2718 conversisque
953 2665 1083 2720 fugax
1106 2664 1287 2706 aufertur
1308 2662 1490 2710 habenis,

351 2724 736 2779 quadrupedemque
761 2726 884 2768 citum
909 2725 1058 2767 ferrata
1081 2725 1190 2767 calce
1214 2724 1369 2779 fatigat.
