1800 3080
713 292 897 330 CULEX.

117 400 197 443 hac
220 398 414 455 querulas
437 397 623 441 referunt
646 411 791 448 voces,
816 396 910 452 quis
934 395 1078 438 nantia
1098 395 1199 438 limo

118 475 292 518 corpora
313 460 485 517 lympha
507 460 638 511 fovet,
666 459 825 502 sonitus
850 458 923 501 alit
947 458 1053 501 aeris
1083 457 1200 508 echo,

118 523 276 580 argutis
301 528 342 565 et
365 528 515 564 cuncta
537 521 720 564 fremunt
743 520 889 563 ardore
913 520 1080 563 cicadis.

118 591 162 627 at
184 584 294 627 circa
314 584 475 641 passim
497 583 637 626 fessae
661 582 842 625 cubuere
867 582 1063 638 capellae,

118 646 378 701 excelsisque
403 660 529 702 super
551 645 709 696 dumis,
735 659 840 700 quos
863 644 1012 687 leniter
1034 643 1194 686 adflans

117 724 219 751 aura
242 708 494 751 susurrantis
518 708 654 764 poscit
677 707 932 750 confundere
954 706 1081 749 venti.

173 769 342 822 Pastor,
367 776 414 812 ut
438 770 492 812 ad
514 770 673 812 fontem
697 769 829 812 densa
849 769 1054 824 requievit
1075 768 1120 810 in
1142 767 1303 819 umbra,

116 832 261 875 mitem
284 832 473 887 concepit
494 831 703 887 proiectus
727 830 915 873 membra
939 844 1144 886 soporem,

117 896 266 937 anxius
289 895 450 937 insidiis
474 894 619 946 nullis3
646 894 720 937 sed
742 894 879 936 lentus
903 893 948 935 in
969 892 1110 936 herbis

118 971 265 999 securo
288 971 457 1012 pressos
483 971 630 999 somno
653 956 924 998 mandaverat
948 961 1074 997 artus.

118 1024 271 1061 stratus
295 1018 412 1060 humi
435 1018 601 1060 dulcem
625 1017 817 1074 capiebat
840 1018 964 1060 corde
988 1017 1183 1072 quietem,

114 1080 159 1122 ni
182 1079 269 1122 fors
292 1080 470 1122 incertos
495 1079 689 1122 iussisset
711 1079 863 1121 ducere
887 1093 1023 1121 casus.

114 1157 213 1184 nam
237 1141 404 1184 solitum
426 1141 600 1184 volvens
625 1141 680 1183 ad
702 1147 867 1197 tempus
892 1140 1092 1183 tractibus
1115 1139 1250 1182 isdem
1299 1194 1302 1195 ⁷

113 1203 292 1246 inmanis
315 1203 430 1246 vario
454 1203 686 1246 maculatus
711 1217 884 1258 corpore
909 1217 1095 1259 serpens,

115 1280 278 1308 mersus
302 1272 350 1307 ut
371 1265 415 1307 in
437 1265 538 1308 limo
561 1280 716 1322 magno
741 1264 976 1307 subsideret
999 1270 1130 1315 aestu,

116 1326 241 1369 obvia
262 1326 443 1369 vibranti
466 1341 640 1383 carpens
664 1327 806 1383 gravis
830 1341 928 1369 aera
951 1326 1148 1382 trilingui,

117 1403 363 1444 squamosos
387 1388 470 1431 late
493 1388 713 1444 torquebat
735 1388 918 1431 motibus
943 1388 1078 1438 orbes,

118 1450 142 1472 ⁴⁵
167 1450 368 1493 tollebant
391 1465 518 1493 aurae
540 1450 746 1493 venientis
771 1451 826 1493 ad
849 1450 989 1493 omnia
1011 1450 1142 1493 visus.

115 1513 200 1554 iam
223 1513 359 1570 magis
383 1518 507 1568 atque
531 1513 666 1570 magis
691 1527 842 1568 corpus
865 1511 1094 1555 revolubile
1118 1511 1291 1554 volvens

115 1574 265 1616 attollit
287 1574 429 1616 nitidis
453 1580 600 1631 pectus
624 1574 859 1631 fulgoribus
883 1580 1008 1629 atque

116 1635 285 1679 sublimi
308 1636 468 1678 cervice
493 1642 636 1692 caput,
661 1636 730 1678 cui
754 1636 879 1678 crista
902 1650 1081 1692 superne

116 1698 228 1741 edita
249 1713 458 1755 purpureo
481 1698 625 1740 lucens
648 1698 879 1740 maculatur
902 1698 1069 1749 amictu,

116 1760 400 1816 adspectuque
424 1759 550 1802 micat
572 1760 836 1802 flammarum
858 1759 1017 1801 lumina
1039 1765 1171 1802 torvo.

115 1828 271 1865 metata
293 1829 358 1865 est
379 1822 462 1865 late
486 1822 642 1865 circum
664 1822 776 1873 loca,
802 1837 898 1865 cum
920 1822 1035 1864 videt
1056 1822 1206 1879 ingens

115 1885 339 1928 adversum
360 1884 560 1927 recubare
584 1884 734 1926 ducem
756 1884 911 1941 gregis.
936 1883 1070 1927 acrior
1091 1884 1219 1927 instat

114 1946 273 1990 lumina
295 1947 533 1989 diffundens
555 1946 771 1988 intendere
794 1952 837 1988 et
859 1945 984 1989 obvia
1003 1953 1125 1993 ,torvo

116 2009 283 2065 saepius
307 2009 508 2065 arripiens
531 2008 776 2064 infringere,
802 2009 916 2063 quod
940 2023 1017 2051 sua
1039 2009 1262 2064 quisquam

114 2071 170 2113 ad
191 2071 301 2113 vada
322 2071 517 2113 venisset.
541 2076 714 2112 naturae
737 2073 951 2126 comparat
973 2085 1107 2113 arma:

115 2132 232 2175 ardet
253 2138 412 2184 mente,
436 2131 537 2175 furit
561 2131 824 2183 stridoribus,
848 2133 1010 2175 intonat
1033 2147 1117 2184 ore,

114 2193 292 2237 flexibus
317 2200 359 2236 et
380 2194 513 2237 versis
537 2200 752 2249 torquetur
775 2195 959 2250 corporis
983 2194 1110 2245 orbis,

116 2262 288 2297 manant
311 2256 565 2312 sanguineae
587 2270 664 2311 per
685 2261 841 2298 tractus
864 2256 1050 2311 undique
1073 2261 1230 2312 guttae,

117 2316 331 2373 spiritibus
354 2316 510 2372 rumpit
532 2316 689 2358 fauces.
714 2330 798 2371 quo
822 2322 972 2359 cuncta
993 2323 1167 2372 parante

116 2377 316 2434 parvulus
339 2377 452 2420 hunc
473 2377 641 2434 propior
662 2377 848 2420 humoris
873 2384 998 2420 terret
1021 2378 1214 2421 alumnus

116 2445 158 2481 et
179 2445 355 2481 mortem
377 2439 508 2482 vitare
530 2444 690 2481 monet:
713 2453 790 2494 per
811 2439 1003 2482 acumina
1025 2454 1205 2494 namque

115 2515 201 2555 qua
222 2501 394 2543 diducta
420 2515 550 2558 genas
573 2499 813 2556 pandebant
835 2500 994 2543 lumina
1015 2501 1207 2558 gemmis,

115 2577 165 2605 ac
189 2562 363 2605 senioris
388 2569 477 2605 erat
497 2568 669 2605 naturae
691 2562 868 2618 pupula,
894 2562 977 2606 telo

114 2624 198 2666 icta
219 2623 314 2667 levi.
341 2631 431 2667 tum
453 2624 644 2681 prosiluit
666 2624 916 2668 furibundus
941 2631 983 2668 et
1005 2625 1124 2668 illum

115 2685 313 2729 obtritum
335 2687 460 2730 morti
482 2686 615 2728 misit:
639 2686 707 2728 cui
731 2686 902 2730 dissitus
926 2687 1060 2730 omnis

116 2747 283 2803 spiritus
307 2749 487 2792 excessit
511 2763 671 2791 sensus.
697 2754 785 2790 tum
809 2755 927 2792 torva
949 2757 1158 2793 tenentem

190 2824 343 2860 Veryile'ux.
1195 2822 1249 2859 23

1401 282 1485 324 353

1512 469 1577 501 150

1513 780 1578 811 155

1514 1091 1578 1121 160

1513 1401 1575 1431 165

1513 1713 1577 1743 170

1513 2022 1576 2054 175

1510 2331 1575 2362 180

1504 2638 1567 2670 185
