1734 3074
603 264 871 301 BUCOLICA.

59 386 154 413 nam
176 383 310 424 neque
335 369 471 411 adhuc
496 367 608 410 Varo
632 368 776 411 videor
798 383 876 411 nec
900 369 1036 411 dicere
1061 369 1199 412 Cinna

57 433 201 489 digna,
229 432 303 474 sed
327 437 495 488 argutos
519 431 627 472 inter
651 437 831 487 strepere
855 446 977 474 anser
999 431 1145 474 olores.

56 494 118 536 M.
142 494 195 535 Id
218 494 386 548 quidem
411 507 490 549 ago
517 498 557 534 et
580 492 742 544 tacitus,
766 493 943 548 Lycida,
969 508 1132 536 mecum
1155 494 1245 550 ipse
1262 494 1416 545 voluto,

57 557 92 598 si
115 556 277 598 valeam
301 555 539 597 meminisse
547 571 558 606 ;
583 569 718 609 neque
743 562 807 597 est
828 555 1011 612 ignobile
1035 570 1212 598 carmen.

58 617 165 668 „huc
189 618 307 668 ades,
333 632 358 659 o
384 615 578 667 Galatea3
602 617 695 670 quis
721 623 785 659 est
807 632 904 659 nam
927 617 1051 659 ludus
1075 618 1118 658 in
1142 618 1290 660 undis?

56 678 123 721 hic
147 694 220 722 ver
240 693 514 735 purpureum,
539 678 676 720 varios
699 678 767 720 hic
789 678 960 720 flumina
983 679 1138 721 circum

58 741 194 782 fundit
216 741 369 782 humus
392 740 534 790 flores,
558 739 627 781 hic
650 740 827 782 candida
847 740 1029 796 populus
1053 747 1171 783 antro

57 801 230 844 inminet
266 808 308 844 et
329 801 465 843 lentae
489 806 635 842 texunt
657 801 900 843 umbracula
922 802 1041 844 vites.

40 865 137 908 ,huc
161 864 260 906 ades
267 880 280 915 3
303 863 440 905 insani
462 862 613 904 feriant
637 863 725 904 sine
747 862 869 905 litora
891 863 1082 906 fluctus.“

55 927 109 968 L.
141 925 273 980 Quid,
298 939 405 980 quae
429 930 469 966 te
491 939 597 979 pura
620 924 755 966 solum
780 924 858 967 sub
882 931 1004 968 nocte
1027 933 1243 968 canentem

56 987 291 1030 audieram?
313 1001 505 1029 numeros
530 986 717 1037 memini,
744 987 779 1028 si
803 986 931 1029 verba
954 993 1148 1029 tenerem.

57 1049 119 1091 M.
154 1049 371 1105 „Daphni‚
396 1048 497 1103 quid
519 1048 711 1102 antiquos
737 1049 950 1105 signorum
975 1049 1153 1105 suspicis
1177 1051 1318 1093 ortus?

57 1126 152 1153 ecce
173 1110 355 1153 Dionaei
376 1110 579 1166 processit
604 1109 797 1153 Caesaris
822 1116 992 1162 astrum,

57 1178 232 1223 astrum,
257 1186 340 1227 quo
364 1178 526 1228 segetes
549 1172 780 1228 gauderent
802 1172 1013 1229 frugibus,
1040 1179 1080 1215 et
1103 1188 1186 1228 quo

57 1235 224 1276 duceret
246 1234 395 1289 apricis
418 1234 463 1275 in
485 1233 659 1276 collibus
683 1248 766 1276 uva
788 1234 981 1277 colorem.

57 1296 211 1346 insere,
235 1295 425 1351 Daphni,
449 1295 581 1351 piros:
606 1301 776 1351 carpent
798 1301 870 1338 tua
891 1311 1016 1352 poma
1039 1300 1253 1353 nepotes.“

59 1357 198 1399 omnia
219 1356 300 1398 fert
323 1363 455 1407 aetas,
481 1356 664 1399 animum
688 1371 854 1412 quoque
861 1374 872 1408 ;
900 1373 1023 1414 saepe
1048 1358 1127 1415 ego
1150 1359 1298 1415 longos

58 1418 261 1460 cantando
283 1433 459 1474 puerum
481 1418 651 1460 memini
674 1433 742 1461 me
766 1420 942 1462 condere
966 1420 1094 1462 soles:

57 1494 168 1522 nunc
191 1480 319 1522 oblita
341 1479 443 1521 mihi
466 1485 528 1522 tot
550 1481 752 1532 carmina,
778 1496 861 1524 vox
885 1496 1051 1536 quoque
1074 1481 1254 1524 Moerim

58 1542 141 1584 iam
165 1541 273 1598 fugit
294 1542 404 1597 ipsa:
428 1541 517 1597 lupi
538 1541 720 1585 Moerim
743 1543 883 1585 videre
905 1544 1076 1599 priores.

59 1604 134 1646 sed
156 1609 295 1646 tamen
315 1604 397 1646 ista
421 1605 520 1646 satis
543 1604 695 1647 referet
718 1604 794 1647 tibi
817 1620 942 1661 saepe
965 1605 1195 1648 Menalcas.

57 1665 112 1707 L.
144 1664 391 1708 Caussando
414 1671 576 1708 nostros
599 1666 644 1708 in
665 1666 836 1723 longum
862 1667 979 1709 ducis
1004 1682 1179 1709 amores.

59 1732 101 1768 et
122 1741 232 1769 nunc
255 1741 377 1769 omne
400 1727 475 1769 tibi
498 1733 672 1769 stratum
696 1728 789 1769 silet
812 1742 984 1782 aequor,
1010 1734 1052 1770 et
1074 1743 1232 1780 omnes,

60 1789 216 1843 aspice,
240 1789 403 1830 ventosi
427 1788 663 1831 ceciderunt
684 1790 906 1832 murmuris
930 1804 1067 1832 aurae.

58 1850 156 1892 hinc
179 1850 284 1892 adeo
306 1850 444 1892 media
467 1856 531 1893 est
553 1850 674 1894 nobis
697 1851 784 1893 via:
808 1866 988 1906 namque
1013 1851 1276 1908 sepulchrum

58 1912 202 1968 incipit
225 1913 422 1968 adparere
445 1912 651 1955 Bianoris.
676 1913 761 1964 hic,
787 1913 860 1956 ubi
883 1914 1034 1956 densas

59 1974 263 2030 agricolae
288 1974 494 2031 stringunt
516 1974 703 2026 frondes,
728 1975 814 2027 hic,
839 1975 994 2026 Moeri,
1021 1991 1236 2019 canamus:

59 2036 126 2077 hic
149 2036 304 2078 haedos
328 2037 508 2092 depone,
533 2042 672 2079 tamen
694 2037 909 2080 veniemus
933 2038 977 2079 in
1000 2037 1157 2080 urbem.

60 2103 132 2140 aut
155 2098 208 2148 si,
232 2113 316 2140 nox
337 2098 523 2154 pluviam
545 2113 598 2140 ne
622 2099 789 2156 colligat
812 2106 925 2151 ante,
950 2114 1152 2151 veremur,

62 2165 272 2202 cantantes
295 2159 392 2202 licet
415 2175 548 2215 usque
572 2185 627 2192 —
650 2161 787 2204 minus
811 2162 880 2204 via
902 2162 1040 2204 laedat
1062 2187 1118 2193 —
1142 2177 1298 2204 eamus.

62 2226 272 2263 cantantes
295 2227 342 2262 ut
365 2236 526 2273 eamus,
552 2237 631 2278 ego
653 2223 734 2266 hoc
758 2229 798 2266 te
822 2223 936 2266 fasce
959 2223 1119 2266 levabo.

61 2281 124 2323 M.
154 2282 314 2324 Desine
337 2283 474 2338 plura,
497 2299 619 2340 puer,
645 2291 704 2336 et,
730 2286 844 2340 quod
866 2300 977 2328 nunc
999 2286 1144 2336 instat,
1170 2301 1362 2341 agamus3

64 2343 246 2385 carmina
268 2349 356 2385 tum
379 2345 544 2395 melius,
571 2360 666 2388 cum
690 2347 847 2388 venerit
870 2347 979 2403 ipse,
1006 2362 1215 2389 canemus.

1363 259 1418 300 23

1444 381 1486 411 35

1444 695 1487 726 40

1442 1004 1486 1034 45

1442 1314 1485 1344 50

1444 1622 1485 1651 55

1444 1929 1487 1960 60

1445 2239 1487 2270 65
