<?xml version="1.0" encoding="UTF-8"?>
<!DOCTYPE html PUBLIC "-//W3C//DTD XHTML 1.0 Transitional//EN"
    "http://www.w3.org/TR/xhtml1/DTD/xhtml1-transitional.dtd">
<html xmlns="http://www.w3.org/1999/xhtml" xml:lang="en" lang="en">
 <head>
  <title>
</title>
<meta http-equiv="Content-Type" content="text/html;charset=utf-8" />
  <meta name='ocr-system' content='tesseract 3.04.00' />
  <meta name='ocr-capabilities' content='ocr_page ocr_carea ocr_par ocr_line ocrx_word'/>
</head>
<body>
  <div class='ocr_page' id='page_1' title='image "./operavirg00virguoft/operavirg00virguoft_0154.png"; bbox 0 0 1794 3048; ppageno 0'>
   <div class='ocr_carea' id='block_1_1' title="bbox 271 598 334 628">
    <p class='ocr_par' dir='ltr' id='par_1_1' title="bbox 271 598 334 628">
     <span class='ocr_line' id='line_1_1' title="bbox 271 598 334 628; baseline 0 0"><span class='ocrx_word' id='word_1_1' title='bbox 271 598 334 628; x_wconf 92' lang='lat'>500</span> 
     </span>
    </p>
   </div>
   <div class='ocr_carea' id='block_1_2' title="bbox 269 903 332 932">
    <p class='ocr_par' dir='ltr' id='par_1_2' title="bbox 269 903 332 932">
     <span class='ocr_line' id='line_1_2' title="bbox 269 903 332 932; baseline 0 0"><span class='ocrx_word' id='word_1_2' title='bbox 269 903 332 932; x_wconf 85' lang='lat'>505</span> 
     </span>
    </p>
   </div>
   <div class='ocr_carea' id='block_1_3' title="bbox 271 1205 335 1235">
    <p class='ocr_par' dir='ltr' id='par_1_3' title="bbox 271 1205 335 1235">
     <span class='ocr_line' id='line_1_3' title="bbox 271 1205 335 1235; baseline 0 0"><span class='ocrx_word' id='word_1_3' title='bbox 271 1205 335 1235; x_wconf 80' lang='lat'>510</span> 
     </span>
    </p>
   </div>
   <div class='ocr_carea' id='block_1_4' title="bbox 271 1510 334 1540">
    <p class='ocr_par' dir='ltr' id='par_1_4' title="bbox 271 1510 334 1540">
     <span class='ocr_line' id='line_1_4' title="bbox 271 1510 334 1540; baseline 0.032 -2"><span class='ocrx_word' id='word_1_4' title='bbox 271 1510 334 1540; x_wconf 79' lang='lat'>515</span> 
     </span>
    </p>
   </div>
   <div class='ocr_carea' id='block_1_5' title="bbox 271 1813 334 1842">
    <p class='ocr_par' dir='ltr' id='par_1_5' title="bbox 271 1813 334 1842">
     <span class='ocr_line' id='line_1_5' title="bbox 271 1813 334 1842; baseline 0 0"><span class='ocrx_word' id='word_1_5' title='bbox 271 1813 334 1842; x_wconf 77' lang='lat'>520</span> 
     </span>
    </p>
   </div>
   <div class='ocr_carea' id='block_1_6' title="bbox 270 2116 333 2147">
    <p class='ocr_par' dir='ltr' id='par_1_6' title="bbox 270 2116 333 2147">
     <span class='ocr_line' id='line_1_6' title="bbox 270 2116 333 2147; baseline 0 -1"><span class='ocrx_word' id='word_1_6' title='bbox 270 2116 333 2147; x_wconf 80' lang='lat'>525</span> 
     </span>
    </p>
   </div>
   <div class='ocr_carea' id='block_1_7' title="bbox 273 2420 335 2450">
    <p class='ocr_par' dir='ltr' id='par_1_7' title="bbox 273 2420 335 2450">
     <span class='ocr_line' id='line_1_7' title="bbox 273 2420 335 2450; baseline 0 0"><span class='ocrx_word' id='word_1_7' title='bbox 273 2420 335 2450; x_wconf 77' lang='lat'>530</span> 
     </span>
    </p>
   </div>
   <div class='ocr_carea' id='block_1_8' title="bbox 273 2724 336 2754">
    <p class='ocr_par' dir='ltr' id='par_1_8' title="bbox 273 2724 336 2754">
     <span class='ocr_line' id='line_1_8' title="bbox 273 2724 336 2754; baseline 0 0"><span class='ocrx_word' id='word_1_8' title='bbox 273 2724 336 2754; x_wconf 82' lang='lat'>535</span> 
     </span>
    </p>
   </div>
   <div class='ocr_carea' id='block_1_9' title="bbox 363 294 1295 337">
    <p class='ocr_par' dir='ltr' id='par_1_9' title="bbox 363 294 1295 337">
     <span class='ocr_line' id='line_1_9' title="bbox 363 294 1295 337; baseline 0 -2"><span class='ocrx_word' id='word_1_9' title='bbox 363 294 443 335; x_wconf 80' lang='grc'>122</span> <span class='ocrx_word' id='word_1_10' title='bbox 647 305 652 310; x_wconf 80' lang='grc'><strong><em>’</em></strong></span> <span class='ocrx_word' id='word_1_11' title='bbox 761 303 802 335; x_wconf 93' lang='grc' dir='ltr'>Ρ.</span> <span class='ocrx_word' id='word_1_12' title='bbox 823 299 1054 336; x_wconf 85' lang='lat' dir='ltr'>VERGILII</span> <span class='ocrx_word' id='word_1_13' title='bbox 1071 298 1295 337; x_wconf 87' lang='lat' dir='ltr'>MARONIS</span> 
     </span>
    </p>
   </div>
   <div class='ocr_carea' id='block_1_10' title="bbox 356 400 1644 2768">
    <p class='ocr_par' dir='ltr' id='par_1_10' title="bbox 359 400 1559 515">
     <span class='ocr_line' id='line_1_10' title="bbox 359 400 1559 456; baseline -0.001 -11"><span class='ocrx_word' id='word_1_14' title='bbox 359 404 487 445; x_wconf 86' lang='lat' dir='ltr'>fertur</span> <span class='ocrx_word' id='word_1_15' title='bbox 509 403 551 443; x_wconf 90' lang='lat' dir='ltr'>in</span> <span class='ocrx_word' id='word_1_16' title='bbox 574 417 671 443; x_wconf 88' lang='lat' dir='ltr'>arva</span> <span class='ocrx_word' id='word_1_17' title='bbox 695 402 833 441; x_wconf 86' lang='lat' dir='ltr'>furens</span> <span class='ocrx_word' id='word_1_18' title='bbox 858 400 1039 450; x_wconf 90' lang='lat' dir='ltr'>cumulo,</span> <span class='ocrx_word' id='word_1_19' title='bbox 1065 414 1311 455; x_wconf 89' lang='lat' dir='ltr'>camposque</span> <span class='ocrx_word' id='word_1_20' title='bbox 1333 415 1407 456; x_wconf 88' lang='lat' dir='ltr'>per</span> <span class='ocrx_word' id='word_1_21' title='bbox 1429 404 1559 444; x_wconf 90' lang='lat' dir='ltr'>omnis</span> 
     </span>
     <span class='ocr_line' id='line_1_11' title="bbox 359 460 1452 515; baseline -0.002 -10"><span class='ocrx_word' id='word_1_22' title='bbox 359 478 452 505; x_wconf 92' lang='lat' dir='ltr'>cum</span> <span class='ocrx_word' id='word_1_23' title='bbox 477 462 646 504; x_wconf 85' lang='lat' dir='ltr'>stabulis</span> <span class='ocrx_word' id='word_1_24' title='bbox 670 467 852 502; x_wconf 87' lang='lat' dir='ltr'>armenta</span> <span class='ocrx_word' id='word_1_25' title='bbox 874 460 1007 502; x_wconf 87' lang='lat' dir='ltr'>trahit.</span> <span class='ocrx_word' id='word_1_26' title='bbox 1032 460 1117 501; x_wconf 90' lang='lat' dir='ltr'>vidi</span> <span class='ocrx_word' id='word_1_27' title='bbox 1139 461 1228 515; x_wconf 87' lang='lat' dir='ltr'>ipse</span> <span class='ocrx_word' id='word_1_28' title='bbox 1251 461 1452 503; x_wconf 87' lang='lat' dir='ltr'>furentem</span> 
     </span>
    </p>

    <p class='ocr_par' dir='ltr' id='par_1_11' title="bbox 356 522 1644 821">
     <span class='ocr_line' id='line_1_12' title="bbox 359 522 1550 577; baseline 0 -12"><span class='ocrx_word' id='word_1_29' title='bbox 359 524 483 565; x_wconf 88' lang='lat' dir='ltr'>caede</span> <span class='ocrx_word' id='word_1_30' title='bbox 505 522 821 577; x_wconf 84' lang='lat' dir='ltr'><strong>Neoptolemum</strong></span> <span class='ocrx_word' id='word_1_31' title='bbox 844 522 1113 577; x_wconf 89' lang='lat' dir='ltr'>geminosque</span> <span class='ocrx_word' id='word_1_32' title='bbox 1136 522 1180 563; x_wconf 91' lang='lat' dir='ltr'>in</span> <span class='ocrx_word' id='word_1_33' title='bbox 1201 522 1340 564; x_wconf 90' lang='lat' dir='ltr'>limine</span> <span class='ocrx_word' id='word_1_34' title='bbox 1362 522 1550 574; x_wconf 82' lang='lat' dir='ltr'><strong>Atridas,</strong></span> 
     </span>
     <span class='ocr_line' id='line_1_13' title="bbox 359 582 1644 639; baseline 0.001 -14"><span class='ocrx_word' id='word_1_35' title='bbox 359 584 443 625; x_wconf 87' lang='lat' dir='ltr'>vidi</span> <span class='ocrx_word' id='word_1_36' title='bbox 465 583 685 625; x_wconf 83' lang='lat' dir='ltr'><strong>Hecubam</strong></span> <span class='ocrx_word' id='word_1_37' title='bbox 709 589 953 637; x_wconf 84' lang='lat' dir='ltr'>centumque</span> <span class='ocrx_word' id='word_1_38' title='bbox 976 597 1122 633; x_wconf 90' lang='lat' dir='ltr'>nurus,</span> <span class='ocrx_word' id='word_1_39' title='bbox 1146 582 1438 637; x_wconf 83' lang='lat' dir='ltr'>Priamumque</span> <span class='ocrx_word' id='word_1_40' title='bbox 1460 598 1533 639; x_wconf 91' lang='lat' dir='ltr'>per</span> <span class='ocrx_word' id='word_1_41' title='bbox 1555 600 1644 626; x_wconf 83' lang='lat' dir='ltr'>aras</span> 
     </span>
     <span class='ocr_line' id='line_1_14' title="bbox 359 643 1489 700; baseline 0 -14"><span class='ocrx_word' id='word_1_42' title='bbox 359 644 557 700; x_wconf 86' lang='lat' dir='ltr'>sanguine</span> <span class='ocrx_word' id='word_1_43' title='bbox 581 644 832 694; x_wconf 82' lang='lat' dir='ltr'>foedantem,</span> <span class='ocrx_word' id='word_1_44' title='bbox 858 658 963 697; x_wconf 92' lang='lat' dir='ltr'>quos</span> <span class='ocrx_word' id='word_1_45' title='bbox 985 643 1073 698; x_wconf 87' lang='lat' dir='ltr'>ipse</span> <span class='ocrx_word' id='word_1_46' title='bbox 1098 650 1346 694; x_wconf 80' lang='lat' dir='ltr'>sacraverat,</span> <span class='ocrx_word' id='word_1_47' title='bbox 1370 645 1489 700; x_wconf 86' lang='lat' dir='ltr'>ignis.</span> 
     </span>
     <span class='ocr_line' id='line_1_15' title="bbox 357 704 1428 760; baseline 0.002 -15"><span class='ocrx_word' id='word_1_48' title='bbox 357 704 653 760; x_wconf 88' lang='lat' dir='ltr'>quinquaginta</span> <span class='ocrx_word' id='word_1_49' title='bbox 675 705 734 746; x_wconf 90' lang='lat' dir='ltr'>illi</span> <span class='ocrx_word' id='word_1_50' title='bbox 758 704 943 755; x_wconf 82' lang='lat' dir='ltr'>thalami,</span> <span class='ocrx_word' id='word_1_51' title='bbox 969 719 1063 760; x_wconf 88' lang='lat' dir='ltr'>spes</span> <span class='ocrx_word' id='word_1_52' title='bbox 1087 710 1200 746; x_wconf 89' lang='lat' dir='ltr'>tanta</span> <span class='ocrx_word' id='word_1_53' title='bbox 1221 707 1428 760; x_wconf 88' lang='lat' dir='ltr'>nepotum,</span> 
     </span>
     <span class='ocr_line' id='line_1_16' title="bbox 356 765 1302 821; baseline 0.001 -15"><span class='ocrx_word' id='word_1_54' title='bbox 356 765 568 807; x_wconf 87' lang='lat' dir='ltr'>barbarico</span> <span class='ocrx_word' id='word_1_55' title='bbox 591 772 730 820; x_wconf 90' lang='lat' dir='ltr'>postes</span> <span class='ocrx_word' id='word_1_56' title='bbox 755 781 854 807; x_wconf 91' lang='lat' dir='ltr'>auro</span> <span class='ocrx_word' id='word_1_57' title='bbox 879 766 1100 821; x_wconf 88' lang='lat' dir='ltr'>spoliisque</span> <span class='ocrx_word' id='word_1_58' title='bbox 1125 766 1302 821; x_wconf 82' lang='lat' dir='ltr'>superbi,</span> 
     </span>
    </p>

    <p class='ocr_par' dir='ltr' id='par_1_12' title="bbox 357 826 1379 883">
     <span class='ocr_line' id='line_1_17' title="bbox 357 826 1379 883; baseline 0.001 -16"><span class='ocrx_word' id='word_1_59' title='bbox 357 826 628 882; x_wconf 85' lang='lat' dir='ltr'>procubuere3</span> <span class='ocrx_word' id='word_1_60' title='bbox 653 833 792 868; x_wconf 88' lang='lat' dir='ltr'>tenent</span> <span class='ocrx_word' id='word_1_61' title='bbox 814 827 970 877; x_wconf 88' lang='lat' dir='ltr'>Danai,</span> <span class='ocrx_word' id='word_1_62' title='bbox 995 841 1078 881; x_wconf 85' lang='lat' dir='ltr'>qua</span> <span class='ocrx_word' id='word_1_63' title='bbox 1101 827 1237 868; x_wconf 90' lang='lat' dir='ltr'>deficit</span> <span class='ocrx_word' id='word_1_64' title='bbox 1258 827 1379 883; x_wconf 90' lang='lat' dir='ltr'>ignis.</span> 
     </span>
    </p>

    <p class='ocr_par' dir='ltr' id='par_1_13' title="bbox 357 887 1545 1795">
     <span class='ocr_line' id='line_1_18' title="bbox 410 887 1474 942; baseline 0 -13"><span class='ocrx_word' id='word_1_65' title='bbox 410 887 600 930; x_wconf 81' lang='lat' dir='ltr'>Forsitan</span> <span class='ocrx_word' id='word_1_66' title='bbox 625 894 664 929; x_wconf 90' lang='lat' dir='ltr'>et</span> <span class='ocrx_word' id='word_1_67' title='bbox 687 887 840 930; x_wconf 87' lang='lat' dir='ltr'>Priami</span> <span class='ocrx_word' id='word_1_68' title='bbox 863 888 1015 930; x_wconf 88' lang='lat' dir='ltr'>fuerint</span> <span class='ocrx_word' id='word_1_69' title='bbox 1042 902 1147 941; x_wconf 87' lang='lat' dir='ltr'>quae</span> <span class='ocrx_word' id='word_1_70' title='bbox 1170 888 1256 929; x_wconf 89' lang='lat' dir='ltr'>fata</span> <span class='ocrx_word' id='word_1_71' title='bbox 1278 888 1474 942; x_wconf 88' lang='lat' dir='ltr'>requiras.</span> 
     </span>
     <span class='ocr_line' id='line_1_19' title="bbox 357 949 1309 1004; baseline 0 -14"><span class='ocrx_word' id='word_1_72' title='bbox 357 949 469 991; x_wconf 87' lang='lat' dir='ltr'>urbis</span> <span class='ocrx_word' id='word_1_73' title='bbox 494 949 554 990; x_wconf 91' lang='lat' dir='ltr'>uti</span> <span class='ocrx_word' id='word_1_74' title='bbox 577 955 720 1004; x_wconf 89' lang='lat' dir='ltr'>captae</span> <span class='ocrx_word' id='word_1_75' title='bbox 745 964 886 991; x_wconf 91' lang='lat' dir='ltr'>casum</span> <span class='ocrx_word' id='word_1_76' title='bbox 910 949 1183 1003; x_wconf 88' lang='lat' dir='ltr'>convolsaque</span> <span class='ocrx_word' id='word_1_77' title='bbox 1207 949 1309 990; x_wconf 89' lang='lat' dir='ltr'>vidit</span> 
     </span>
     <span class='ocr_line' id='line_1_20' title="bbox 358 1009 1545 1064; baseline -0.001 -14"><span class='ocrx_word' id='word_1_78' title='bbox 358 1010 498 1051; x_wconf 91' lang='lat' dir='ltr'>limina</span> <span class='ocrx_word' id='word_1_79' title='bbox 521 1015 719 1051; x_wconf 87' lang='lat' dir='ltr'>tectorum</span> <span class='ocrx_word' id='word_1_80' title='bbox 743 1016 784 1051; x_wconf 90' lang='lat' dir='ltr'>et</span> <span class='ocrx_word' id='word_1_81' title='bbox 806 1010 987 1051; x_wconf 88' lang='lat' dir='ltr'>medium</span> <span class='ocrx_word' id='word_1_82' title='bbox 1010 1011 1052 1051; x_wconf 90' lang='lat' dir='ltr'>in</span> <span class='ocrx_word' id='word_1_83' title='bbox 1074 1009 1349 1064; x_wconf 85' lang='lat' dir='ltr'>penetralibus</span> <span class='ocrx_word' id='word_1_84' title='bbox 1372 1010 1545 1058; x_wconf 85' lang='lat' dir='ltr'>hostem,</span> 
     </span>
     <span class='ocr_line' id='line_1_21' title="bbox 358 1070 1335 1112; baseline 0 0"><span class='ocrx_word' id='word_1_85' title='bbox 358 1086 471 1112; x_wconf 87' lang='lat' dir='ltr'>arma</span> <span class='ocrx_word' id='word_1_86' title='bbox 499 1070 570 1111; x_wconf 93' lang='lat' dir='ltr'>diu</span> <span class='ocrx_word' id='word_1_87' title='bbox 594 1071 728 1112; x_wconf 87' lang='lat' dir='ltr'>senior</span> <span class='ocrx_word' id='word_1_88' title='bbox 751 1071 921 1112; x_wconf 89' lang='lat' dir='ltr'>desueta</span> <span class='ocrx_word' id='word_1_89' title='bbox 944 1071 1209 1112; x_wconf 89' lang='lat' dir='ltr'>trementibus</span> <span class='ocrx_word' id='word_1_90' title='bbox 1234 1085 1335 1112; x_wconf 87' lang='lat' dir='ltr'>aevo</span> 
     </span>
     <span class='ocr_line' id='line_1_22' title="bbox 358 1131 1460 1185; baseline 0 -13"><span class='ocrx_word' id='word_1_91' title='bbox 358 1131 582 1173; x_wconf 86' lang='lat' dir='ltr'>circumdat</span> <span class='ocrx_word' id='word_1_92' title='bbox 604 1131 852 1185; x_wconf 87' lang='lat' dir='ltr'>nequiquam</span> <span class='ocrx_word' id='word_1_93' title='bbox 875 1132 1055 1172; x_wconf 89' lang='lat' dir='ltr'>humeris</span> <span class='ocrx_word' id='word_1_94' title='bbox 1080 1137 1120 1172; x_wconf 86' lang='lat' dir='ltr'>et</span> <span class='ocrx_word' id='word_1_95' title='bbox 1142 1131 1283 1172; x_wconf 89' lang='lat' dir='ltr'>inutile</span> <span class='ocrx_word' id='word_1_96' title='bbox 1306 1131 1460 1172; x_wconf 90' lang='lat' dir='ltr'>ferrum</span> 
     </span>
     <span class='ocr_line' id='line_1_23' title="bbox 360 1192 1412 1247; baseline -0.001 -13"><span class='ocrx_word' id='word_1_97' title='bbox 360 1193 535 1247; x_wconf 86' lang='lat' dir='ltr'>cingitur</span> <span class='ocrx_word' id='word_1_98' title='bbox 557 1206 605 1233; x_wconf 91' lang='lat' dir='ltr'>ac</span> <span class='ocrx_word' id='word_1_99' title='bbox 629 1193 779 1234; x_wconf 87' lang='lat' dir='ltr'>densos</span> <span class='ocrx_word' id='word_1_100' title='bbox 803 1193 932 1234; x_wconf 89' lang='lat' dir='ltr'>fertur</span> <span class='ocrx_word' id='word_1_101' title='bbox 954 1193 1172 1234; x_wconf 88' lang='lat' dir='ltr'>moriturus</span> <span class='ocrx_word' id='word_1_102' title='bbox 1196 1193 1238 1233; x_wconf 92' lang='lat' dir='ltr'>in</span> <span class='ocrx_word' id='word_1_103' title='bbox 1260 1192 1412 1234; x_wconf 88' lang='lat' dir='ltr'>hostes.</span> 
     </span>
     <span class='ocr_line' id='line_1_24' title="bbox 359 1252 1383 1307; baseline 0 -13"><span class='ocrx_word' id='word_1_104' title='bbox 359 1252 529 1294; x_wconf 87' lang='lat' dir='ltr'>aedibus</span> <span class='ocrx_word' id='word_1_105' title='bbox 554 1253 598 1293; x_wconf 90' lang='lat' dir='ltr'>in</span> <span class='ocrx_word' id='word_1_106' title='bbox 621 1253 767 1295; x_wconf 90' lang='lat' dir='ltr'>mediis</span> <span class='ocrx_word' id='word_1_107' title='bbox 790 1254 983 1307; x_wconf 88' lang='lat' dir='ltr'>nudoque</span> <span class='ocrx_word' id='word_1_108' title='bbox 1008 1253 1083 1294; x_wconf 89' lang='lat' dir='ltr'>sub</span> <span class='ocrx_word' id='word_1_109' title='bbox 1108 1253 1282 1294; x_wconf 90' lang='lat' dir='ltr'>aetheris</span> <span class='ocrx_word' id='word_1_110' title='bbox 1306 1267 1383 1294; x_wconf 90' lang='lat' dir='ltr'>axe</span> 
     </span>
     <span class='ocr_line' id='line_1_25' title="bbox 357 1313 1334 1369; baseline -0.001 -15"><span class='ocrx_word' id='word_1_111' title='bbox 357 1315 502 1369; x_wconf 88' lang='lat' dir='ltr'>ingens</span> <span class='ocrx_word' id='word_1_112' title='bbox 527 1329 597 1355; x_wconf 87' lang='lat' dir='ltr'>ara</span> <span class='ocrx_word' id='word_1_113' title='bbox 619 1314 716 1364; x_wconf 89' lang='lat' dir='ltr'>fuit,</span> <span class='ocrx_word' id='word_1_114' title='bbox 741 1315 935 1368; x_wconf 88' lang='lat' dir='ltr'>iuxtaque</span> <span class='ocrx_word' id='word_1_115' title='bbox 959 1313 1174 1355; x_wconf 87' lang='lat' dir='ltr'>veterrima</span> <span class='ocrx_word' id='word_1_116' title='bbox 1196 1313 1334 1354; x_wconf 87' lang='lat' dir='ltr'>laurus</span> 
     </span>
     <span class='ocr_line' id='line_1_26' title="bbox 358 1374 1462 1429; baseline 0 -13"><span class='ocrx_word' id='word_1_117' title='bbox 358 1374 596 1416; x_wconf 86' lang='lat' dir='ltr'>incumbens</span> <span class='ocrx_word' id='word_1_118' title='bbox 621 1390 714 1416; x_wconf 87' lang='lat' dir='ltr'>arae</span> <span class='ocrx_word' id='word_1_119' title='bbox 738 1381 859 1429; x_wconf 88' lang='lat' dir='ltr'>atque</span> <span class='ocrx_word' id='word_1_120' title='bbox 883 1374 1028 1415; x_wconf 89' lang='lat' dir='ltr'>umbra</span> <span class='ocrx_word' id='word_1_121' title='bbox 1051 1375 1249 1429; x_wconf 88' lang='lat' dir='ltr'>conplexa</span> <span class='ocrx_word' id='word_1_122' title='bbox 1271 1374 1462 1416; x_wconf 87' lang='lat' dir='ltr'>Penates.</span> 
     </span>
     <span class='ocr_line' id='line_1_27' title="bbox 358 1434 1452 1489; baseline 0.001 -13"><span class='ocrx_word' id='word_1_123' title='bbox 358 1435 425 1477; x_wconf 90' lang='lat' dir='ltr'>hic</span> <span class='ocrx_word' id='word_1_124' title='bbox 447 1434 624 1476; x_wconf 90' lang='lat' dir='ltr'>Hecuba</span> <span class='ocrx_word' id='word_1_125' title='bbox 647 1441 687 1476; x_wconf 91' lang='lat' dir='ltr'>et</span> <span class='ocrx_word' id='word_1_126' title='bbox 709 1442 828 1476; x_wconf 87' lang='lat' dir='ltr'>natae</span> <span class='ocrx_word' id='word_1_127' title='bbox 851 1435 1099 1489; x_wconf 90' lang='lat' dir='ltr'>nequiquam</span> <span class='ocrx_word' id='word_1_128' title='bbox 1123 1435 1265 1476; x_wconf 85' lang='lat' dir='ltr'>altaria</span> <span class='ocrx_word' id='word_1_129' title='bbox 1287 1435 1452 1486; x_wconf 90' lang='lat' dir='ltr'>circum,</span> 
     </span>
     <span class='ocr_line' id='line_1_28' title="bbox 357 1495 1324 1551; baseline 0.002 -15"><span class='ocrx_word' id='word_1_130' title='bbox 357 1495 599 1550; x_wconf 90' lang='lat' dir='ltr'>praecipites</span> <span class='ocrx_word' id='word_1_131' title='bbox 624 1501 711 1536; x_wconf 86' lang='lat' dir='ltr'>atra</span> <span class='ocrx_word' id='word_1_132' title='bbox 735 1510 811 1537; x_wconf 91' lang='lat' dir='ltr'>ceu</span> <span class='ocrx_word' id='word_1_133' title='bbox 833 1501 1074 1551; x_wconf 81' lang='lat' dir='ltr'>tempestate</span> <span class='ocrx_word' id='word_1_134' title='bbox 1099 1495 1324 1546; x_wconf 85' lang='lat' dir='ltr'>columbae,</span> 
     </span>
     <span class='ocr_line' id='line_1_29' title="bbox 359 1556 1522 1612; baseline 0.001 -15"><span class='ocrx_word' id='word_1_135' title='bbox 359 1556 588 1598; x_wconf 85' lang='lat' dir='ltr'>condensae</span> <span class='ocrx_word' id='word_1_136' title='bbox 613 1563 653 1598; x_wconf 91' lang='lat' dir='ltr'>et</span> <span class='ocrx_word' id='word_1_137' title='bbox 676 1557 814 1598; x_wconf 82' lang='lat' dir='ltr'>divom</span> <span class='ocrx_word' id='word_1_138' title='bbox 837 1557 1051 1612; x_wconf 87' lang='lat' dir='ltr'>amplexae</span> <span class='ocrx_word' id='word_1_139' title='bbox 1075 1556 1292 1598; x_wconf 85' lang='lat' dir='ltr'>simulacra</span> <span class='ocrx_word' id='word_1_140' title='bbox 1315 1556 1522 1599; x_wconf 88' lang='lat' dir='ltr'>sedebant.</span> 
     </span>
     <span class='ocr_line' id='line_1_30' title="bbox 357 1617 1508 1672; baseline 0 -14"><span class='ocrx_word' id='word_1_141' title='bbox 357 1617 493 1672; x_wconf 85' lang='lat' dir='ltr'>ipsum</span> <span class='ocrx_word' id='word_1_142' title='bbox 517 1623 653 1659; x_wconf 91' lang='lat' dir='ltr'>autem</span> <span class='ocrx_word' id='word_1_143' title='bbox 677 1618 849 1672; x_wconf 90' lang='lat' dir='ltr'>sumptis</span> <span class='ocrx_word' id='word_1_144' title='bbox 872 1617 1083 1659; x_wconf 86' lang='lat' dir='ltr'>Priamum</span> <span class='ocrx_word' id='word_1_145' title='bbox 1106 1617 1360 1660; x_wconf 89' lang='lat' dir='ltr'>iuvenalibus</span> <span class='ocrx_word' id='word_1_146' title='bbox 1385 1618 1508 1659; x_wconf 84' lang='lat' dir='ltr'>armis</span> 
     </span>
     <span class='ocr_line' id='line_1_31' title="bbox 358 1678 1541 1732; baseline 0.002 -14"><span class='ocrx_word' id='word_1_147' title='bbox 358 1684 403 1718; x_wconf 92' lang='lat' dir='ltr'>ut</span> <span class='ocrx_word' id='word_1_148' title='bbox 426 1678 544 1728; x_wconf 90' lang='lat' dir='ltr'>vidit,</span> <span class='ocrx_word' id='word_1_149' title='bbox 573 1693 703 1732; x_wconf 86' lang='lat' dir='ltr'>„quae</span> <span class='ocrx_word' id='word_1_150' title='bbox 727 1693 843 1719; x_wconf 90' lang='lat' dir='ltr'>mens</span> <span class='ocrx_word' id='word_1_151' title='bbox 867 1684 951 1720; x_wconf 89' lang='lat' dir='ltr'>tam</span> <span class='ocrx_word' id='word_1_152' title='bbox 975 1679 1080 1728; x_wconf 84' lang='lat' dir='ltr'>dira,</span> <span class='ocrx_word' id='word_1_153' title='bbox 1105 1678 1329 1720; x_wconf 90' lang='lat' dir='ltr'>miserrime</span> <span class='ocrx_word' id='word_1_154' title='bbox 1353 1679 1541 1727; x_wconf 77' lang='lat' dir='ltr'>coniunX,</span> 
     </span>
     <span class='ocr_line' id='line_1_32' title="bbox 358 1739 1390 1795; baseline 0 -15"><span class='ocrx_word' id='word_1_155' title='bbox 358 1739 504 1794; x_wconf 85' lang='lat' dir='ltr'>inpulit</span> <span class='ocrx_word' id='word_1_156' title='bbox 526 1739 590 1780; x_wconf 89' lang='lat' dir='ltr'>his</span> <span class='ocrx_word' id='word_1_157' title='bbox 615 1740 725 1795; x_wconf 86' lang='lat' dir='ltr'>cingi</span> <span class='ocrx_word' id='word_1_158' title='bbox 748 1739 864 1781; x_wconf 82' lang='lat' dir='ltr'>telis?</span> <span class='ocrx_word' id='word_1_159' title='bbox 886 1745 956 1781; x_wconf 93' lang='lat' dir='ltr'>aut</span> <span class='ocrx_word' id='word_1_160' title='bbox 979 1754 1061 1793; x_wconf 90' lang='lat' dir='ltr'>quo</span> <span class='ocrx_word' id='word_1_161' title='bbox 1083 1739 1223 1780; x_wconf 81' lang='lat' dir='ltr'>ruis?“</span> <span class='ocrx_word' id='word_1_162' title='bbox 1249 1739 1390 1794; x_wconf 90' lang='lat' dir='ltr'>inquit.</span> 
     </span>
    </p>

    <p class='ocr_par' dir='ltr' id='par_1_14' title="bbox 360 1799 1254 1850">
     <span class='ocr_line' id='line_1_33' title="bbox 360 1799 1254 1850; baseline 0.002 -10"><span class='ocrx_word' id='word_1_163' title='bbox 360 1814 469 1850; x_wconf 91' lang='lat' dir='ltr'>„non</span> <span class='ocrx_word' id='word_1_164' title='bbox 492 1799 563 1840; x_wconf 91' lang='lat' dir='ltr'>tali</span> <span class='ocrx_word' id='word_1_165' title='bbox 586 1800 736 1841; x_wconf 81' lang='lat' dir='ltr'>auxilio</span> <span class='ocrx_word' id='word_1_166' title='bbox 759 1814 836 1841; x_wconf 90' lang='lat' dir='ltr'>nec</span> <span class='ocrx_word' id='word_1_167' title='bbox 859 1799 1142 1842; x_wconf 85' lang='lat' dir='ltr'>defensoribus</span> <span class='ocrx_word' id='word_1_168' title='bbox 1165 1800 1254 1842; x_wconf 90' lang='lat' dir='ltr'>istis</span> 
     </span>
    </p>

    <p class='ocr_par' dir='ltr' id='par_1_15' title="bbox 357 1860 1598 1972">
     <span class='ocr_line' id='line_1_34' title="bbox 357 1860 1598 1916; baseline 0 -15"><span class='ocrx_word' id='word_1_169' title='bbox 357 1866 518 1915; x_wconf 91' lang='lat' dir='ltr'>tempus</span> <span class='ocrx_word' id='word_1_170' title='bbox 543 1866 654 1916; x_wconf 89' lang='lat' dir='ltr'>eget;</span> <span class='ocrx_word' id='word_1_171' title='bbox 678 1875 779 1910; x_wconf 90' lang='lat' dir='ltr'>non,</span> <span class='ocrx_word' id='word_1_172' title='bbox 806 1861 840 1902; x_wconf 88' lang='lat' dir='ltr'>si</span> <span class='ocrx_word' id='word_1_173' title='bbox 863 1862 952 1915; x_wconf 86' lang='lat' dir='ltr'>ipse</span> <span class='ocrx_word' id='word_1_174' title='bbox 976 1875 1091 1902; x_wconf 90' lang='lat' dir='ltr'>meus</span> <span class='ocrx_word' id='word_1_175' title='bbox 1115 1875 1224 1902; x_wconf 90' lang='lat' dir='ltr'>nunc</span> <span class='ocrx_word' id='word_1_176' title='bbox 1247 1860 1406 1902; x_wconf 86' lang='lat' dir='ltr'>adforet</span> <span class='ocrx_word' id='word_1_177' title='bbox 1428 1860 1598 1901; x_wconf 87' lang='lat' dir='ltr'>Hector.</span> 
     </span>
     <span class='ocr_line' id='line_1_35' title="bbox 357 1921 1433 1972; baseline 0.002 -11"><span class='ocrx_word' id='word_1_178' title='bbox 357 1921 439 1962; x_wconf 90' lang='lat' dir='ltr'>huc</span> <span class='ocrx_word' id='word_1_179' title='bbox 462 1921 624 1962; x_wconf 88' lang='lat' dir='ltr'>tandem</span> <span class='ocrx_word' id='word_1_180' title='bbox 649 1922 845 1972; x_wconf 83' lang='lat' dir='ltr'>concede3</span> <span class='ocrx_word' id='word_1_181' title='bbox 869 1922 971 1963; x_wconf 89' lang='lat' dir='ltr'>haec</span> <span class='ocrx_word' id='word_1_182' title='bbox 995 1937 1066 1963; x_wconf 90' lang='lat' dir='ltr'>ara</span> <span class='ocrx_word' id='word_1_183' title='bbox 1089 1921 1267 1963; x_wconf 91' lang='lat' dir='ltr'>tuebitur</span> <span class='ocrx_word' id='word_1_184' title='bbox 1289 1922 1433 1971; x_wconf 87' lang='lat' dir='ltr'>omnis,</span> 
     </span>
    </p>

    <p class='ocr_par' dir='ltr' id='par_1_16' title="bbox 358 1982 1308 2037">
     <span class='ocr_line' id='line_1_36' title="bbox 358 1982 1308 2037; baseline 0.001 -15"><span class='ocrx_word' id='word_1_185' title='bbox 358 1987 429 2022; x_wconf 90' lang='lat' dir='ltr'>aut</span> <span class='ocrx_word' id='word_1_186' title='bbox 451 1982 622 2023; x_wconf 88' lang='lat' dir='ltr'>moriere</span> <span class='ocrx_word' id='word_1_187' title='bbox 647 1982 807 2023; x_wconf 57' lang='lat' dir='ltr'>simum</span> <span class='ocrx_word' id='word_1_188' title='bbox 835 1982 894 2023; x_wconf 93' lang='lat' dir='ltr'>sic</span> <span class='ocrx_word' id='word_1_189' title='bbox 917 1997 985 2024; x_wconf 90' lang='lat' dir='ltr'>ore</span> <span class='ocrx_word' id='word_1_190' title='bbox 1010 1982 1133 2024; x_wconf 87' lang='lat' dir='ltr'>effata</span> <span class='ocrx_word' id='word_1_191' title='bbox 1155 1983 1308 2037; x_wconf 90' lang='lat' dir='ltr'>recepit</span> 
     </span>
    </p>

    <p class='ocr_par' dir='ltr' id='par_1_17' title="bbox 358 2042 1360 2098">
     <span class='ocr_line' id='line_1_37' title="bbox 358 2042 1360 2098; baseline 0 -14"><span class='ocrx_word' id='word_1_192' title='bbox 358 2042 411 2084; x_wconf 89' lang='lat' dir='ltr'>ad</span> <span class='ocrx_word' id='word_1_193' title='bbox 435 2057 525 2084; x_wconf 89' lang='lat' dir='ltr'>sese</span> <span class='ocrx_word' id='word_1_194' title='bbox 549 2048 590 2084; x_wconf 93' lang='lat' dir='ltr'>et</span> <span class='ocrx_word' id='word_1_195' title='bbox 613 2057 728 2084; x_wconf 89' lang='lat' dir='ltr'>sacra</span> <span class='ocrx_word' id='word_1_196' title='bbox 750 2043 993 2098; x_wconf 87' lang='lat' dir='ltr'>longaevom</span> <span class='ocrx_word' id='word_1_197' title='bbox 1015 2043 1059 2083; x_wconf 88' lang='lat' dir='ltr'>in</span> <span class='ocrx_word' id='word_1_198' title='bbox 1082 2043 1178 2084; x_wconf 89' lang='lat' dir='ltr'>sede</span> <span class='ocrx_word' id='word_1_199' title='bbox 1200 2043 1360 2084; x_wconf 88' lang='lat' dir='ltr'>locavit.</span> 
     </span>
    </p>

    <p class='ocr_par' dir='ltr' id='par_1_18' title="bbox 357 2103 1600 2646">
     <span class='ocr_line' id='line_1_38' title="bbox 413 2103 1457 2158; baseline 0.001 -14"><span class='ocrx_word' id='word_1_200' title='bbox 413 2103 524 2145; x_wconf 85' lang='lat' dir='ltr'>Ecce</span> <span class='ocrx_word' id='word_1_201' title='bbox 548 2109 685 2145; x_wconf 85' lang='lat' dir='ltr'>autem</span> <span class='ocrx_word' id='word_1_202' title='bbox 709 2104 872 2158; x_wconf 90' lang='lat' dir='ltr'>elapsus</span> <span class='ocrx_word' id='word_1_203' title='bbox 895 2103 1045 2158; x_wconf 87' lang='lat' dir='ltr'>Pyrrhi</span> <span class='ocrx_word' id='word_1_204' title='bbox 1067 2104 1118 2145; x_wconf 89' lang='lat' dir='ltr'>de</span> <span class='ocrx_word' id='word_1_205' title='bbox 1142 2104 1267 2145; x_wconf 89' lang='lat' dir='ltr'>caede</span> <span class='ocrx_word' id='word_1_206' title='bbox 1289 2103 1457 2152; x_wconf 88' lang='lat' dir='ltr'>Polites,</span> 
     </span>
     <span class='ocr_line' id='line_1_39' title="bbox 358 2164 1342 2219; baseline 0.001 -14"><span class='ocrx_word' id='word_1_207' title='bbox 358 2179 463 2206; x_wconf 90' lang='lat' dir='ltr'>unus</span> <span class='ocrx_word' id='word_1_208' title='bbox 488 2170 676 2206; x_wconf 91' lang='lat' dir='ltr'>natorum</span> <span class='ocrx_word' id='word_1_209' title='bbox 699 2164 871 2214; x_wconf 90' lang='lat' dir='ltr'>Priami,</span> <span class='ocrx_word' id='word_1_210' title='bbox 895 2179 969 2219; x_wconf 90' lang='lat' dir='ltr'>per</span> <span class='ocrx_word' id='word_1_211' title='bbox 992 2165 1090 2214; x_wconf 89' lang='lat' dir='ltr'>tela,</span> <span class='ocrx_word' id='word_1_212' title='bbox 1115 2179 1189 2219; x_wconf 90' lang='lat' dir='ltr'>per</span> <span class='ocrx_word' id='word_1_213' title='bbox 1211 2165 1342 2206; x_wconf 88' lang='lat' dir='ltr'>hostis</span> 
     </span>
     <span class='ocr_line' id='line_1_40' title="bbox 357 2224 1378 2281; baseline 0 -15"><span class='ocrx_word' id='word_1_214' title='bbox 357 2224 579 2280; x_wconf 89' lang='lat' dir='ltr'>porticibus</span> <span class='ocrx_word' id='word_1_215' title='bbox 602 2225 736 2281; x_wconf 85' lang='lat' dir='ltr'>longis</span> <span class='ocrx_word' id='word_1_216' title='bbox 760 2225 868 2280; x_wconf 86' lang='lat' dir='ltr'>fugit</span> <span class='ocrx_word' id='word_1_217' title='bbox 891 2230 932 2266; x_wconf 91' lang='lat' dir='ltr'>et</span> <span class='ocrx_word' id='word_1_218' title='bbox 954 2239 1085 2266; x_wconf 88' lang='lat' dir='ltr'>vacua</span> <span class='ocrx_word' id='word_1_219' title='bbox 1108 2225 1210 2266; x_wconf 89' lang='lat' dir='ltr'>atria</span> <span class='ocrx_word' id='word_1_220' title='bbox 1231 2225 1378 2266; x_wconf 90' lang='lat' dir='ltr'>lustrat</span> 
     </span>
     <span class='ocr_line' id='line_1_41' title="bbox 359 2286 1408 2341; baseline 0 -14"><span class='ocrx_word' id='word_1_221' title='bbox 359 2286 533 2327; x_wconf 89' lang='lat' dir='ltr'>saucius.</span> <span class='ocrx_word' id='word_1_222' title='bbox 557 2286 672 2327; x_wconf 91' lang='lat' dir='ltr'>illum</span> <span class='ocrx_word' id='word_1_223' title='bbox 695 2286 841 2327; x_wconf 91' lang='lat' dir='ltr'>ardens</span> <span class='ocrx_word' id='word_1_224' title='bbox 865 2286 1014 2328; x_wconf 88' lang='lat' dir='ltr'>infesto</span> <span class='ocrx_word' id='word_1_225' title='bbox 1038 2286 1201 2328; x_wconf 85' lang='lat' dir='ltr'>volnere</span> <span class='ocrx_word' id='word_1_226' title='bbox 1223 2286 1408 2341; x_wconf 85' lang='lat' dir='ltr'>Pyrrhus</span> 
     </span>
     <span class='ocr_line' id='line_1_42' title="bbox 358 2346 1561 2402; baseline 0.001 -15"><span class='ocrx_word' id='word_1_227' title='bbox 358 2346 601 2400; x_wconf 88' lang='lat' dir='ltr'>insequitur,</span> <span class='ocrx_word' id='word_1_228' title='bbox 626 2346 710 2388; x_wconf 88' lang='lat' dir='ltr'>iam</span> <span class='ocrx_word' id='word_1_229' title='bbox 732 2346 896 2400; x_wconf 88' lang='lat' dir='ltr'>iamque</span> <span class='ocrx_word' id='word_1_230' title='bbox 918 2361 1044 2388; x_wconf 87' lang='lat' dir='ltr'>manu</span> <span class='ocrx_word' id='word_1_231' title='bbox 1066 2352 1177 2388; x_wconf 88' lang='lat' dir='ltr'>tenet</span> <span class='ocrx_word' id='word_1_232' title='bbox 1201 2353 1240 2388; x_wconf 89' lang='lat' dir='ltr'>et</span> <span class='ocrx_word' id='word_1_233' title='bbox 1262 2347 1410 2402; x_wconf 86' lang='lat' dir='ltr'>premit</span> <span class='ocrx_word' id='word_1_234' title='bbox 1432 2346 1561 2388; x_wconf 84' lang='lat' dir='ltr'>hasta.</span> 
     </span>
     <span class='ocr_line' id='line_1_43' title="bbox 359 2407 1431 2463; baseline 0 -15"><span class='ocrx_word' id='word_1_235' title='bbox 359 2414 405 2448; x_wconf 86' lang='lat' dir='ltr'>ut</span> <span class='ocrx_word' id='word_1_236' title='bbox 427 2407 591 2449; x_wconf 88' lang='lat' dir='ltr'>tandem</span> <span class='ocrx_word' id='word_1_237' title='bbox 614 2414 708 2449; x_wconf 86' lang='lat' dir='ltr'>ante</span> <span class='ocrx_word' id='word_1_238' title='bbox 732 2408 872 2450; x_wconf 92' lang='lat' dir='ltr'>oculos</span> <span class='ocrx_word' id='word_1_239' title='bbox 896 2408 1026 2450; x_wconf 87' lang='lat' dir='ltr'>evasit</span> <span class='ocrx_word' id='word_1_240' title='bbox 1049 2413 1089 2449; x_wconf 90' lang='lat' dir='ltr'>et</span> <span class='ocrx_word' id='word_1_241' title='bbox 1112 2423 1183 2450; x_wconf 87' lang='lat' dir='ltr'>ora</span> <span class='ocrx_word' id='word_1_242' title='bbox 1204 2414 1431 2463; x_wconf 88' lang='lat' dir='ltr'>parentum,</span> 
     </span>
     <span class='ocr_line' id='line_1_44' title="bbox 360 2469 1388 2526; baseline 0 -16"><span class='ocrx_word' id='word_1_243' title='bbox 360 2469 534 2511; x_wconf 86' lang='lat' dir='ltr'>concidit</span> <span class='ocrx_word' id='word_1_244' title='bbox 557 2484 606 2511; x_wconf 92' lang='lat' dir='ltr'>ac</span> <span class='ocrx_word' id='word_1_245' title='bbox 628 2469 756 2525; x_wconf 91' lang='lat' dir='ltr'>multo</span> <span class='ocrx_word' id='word_1_246' title='bbox 780 2470 907 2511; x_wconf 90' lang='lat' dir='ltr'>vitam</span> <span class='ocrx_word' id='word_1_247' title='bbox 931 2484 1025 2511; x_wconf 91' lang='lat' dir='ltr'>cum</span> <span class='ocrx_word' id='word_1_248' title='bbox 1049 2470 1247 2526; x_wconf 87' lang='lat' dir='ltr'>sanguine</span> <span class='ocrx_word' id='word_1_249' title='bbox 1270 2469 1388 2511; x_wconf 87' lang='lat' dir='ltr'>fudit.</span> 
     </span>
     <span class='ocr_line' id='line_1_45' title="bbox 359 2530 1600 2584; baseline -0.002 -13"><span class='ocrx_word' id='word_1_250' title='bbox 359 2530 426 2571; x_wconf 92' lang='lat' dir='ltr'>hic</span> <span class='ocrx_word' id='word_1_251' title='bbox 447 2530 657 2580; x_wconf 90' lang='lat' dir='ltr'>Priamus,</span> <span class='ocrx_word' id='word_1_252' title='bbox 682 2544 931 2584; x_wconf 90' lang='lat' dir='ltr'>quamquam</span> <span class='ocrx_word' id='word_1_253' title='bbox 954 2531 996 2571; x_wconf 89' lang='lat' dir='ltr'>in</span> <span class='ocrx_word' id='word_1_254' title='bbox 1018 2531 1154 2572; x_wconf 89' lang='lat' dir='ltr'>media</span> <span class='ocrx_word' id='word_1_255' title='bbox 1175 2531 1257 2572; x_wconf 91' lang='lat' dir='ltr'>iam</span> <span class='ocrx_word' id='word_1_256' title='bbox 1279 2535 1408 2572; x_wconf 90' lang='lat' dir='ltr'>morte</span> <span class='ocrx_word' id='word_1_257' title='bbox 1431 2534 1600 2577; x_wconf 85' lang='lat' dir='ltr'>tenetur,</span> 
     </span>
     <span class='ocr_line' id='line_1_46' title="bbox 359 2589 1462 2646; baseline -0.001 -15"><span class='ocrx_word' id='word_1_258' title='bbox 359 2605 443 2632; x_wconf 92' lang='lat' dir='ltr'>non</span> <span class='ocrx_word' id='word_1_259' title='bbox 465 2597 602 2632; x_wconf 88' lang='lat' dir='ltr'>tamen</span> <span class='ocrx_word' id='word_1_260' title='bbox 624 2590 837 2642; x_wconf 88' lang='lat' dir='ltr'>abstinuit,</span> <span class='ocrx_word' id='word_1_261' title='bbox 861 2606 938 2633; x_wconf 94' lang='lat' dir='ltr'>nec</span> <span class='ocrx_word' id='word_1_262' title='bbox 960 2592 1054 2633; x_wconf 87' lang='lat' dir='ltr'>voci</span> <span class='ocrx_word' id='word_1_263' title='bbox 1074 2592 1241 2646; x_wconf 88' lang='lat' dir='ltr'>iraeque</span> <span class='ocrx_word' id='word_1_264' title='bbox 1263 2589 1462 2646; x_wconf 85' lang='lat' dir='ltr'>pepercit:</span> 
     </span>
    </p>

    <p class='ocr_par' dir='ltr' id='par_1_19' title="bbox 361 2650 1517 2768">
     <span class='ocr_line' id='line_1_47' title="bbox 362 2650 1517 2708; baseline -0.001 -17"><span class='ocrx_word' id='word_1_265' title='bbox 362 2657 430 2701; x_wconf 91' lang='lat' dir='ltr'>„at</span> <span class='ocrx_word' id='word_1_266' title='bbox 452 2651 526 2693; x_wconf 90' lang='lat' dir='ltr'>tibi</span> <span class='ocrx_word' id='word_1_267' title='bbox 547 2666 621 2706; x_wconf 91' lang='lat' dir='ltr'>pro</span> <span class='ocrx_word' id='word_1_268' title='bbox 645 2652 795 2694; x_wconf 86' lang='lat' dir='ltr'>scelere</span> <span class='ocrx_word' id='word_1_269' title='bbox 802 2655 841 2703; x_wconf 90' lang='lat'>‚“</span> <span class='ocrx_word' id='word_1_270' title='bbox 867 2652 1085 2703; x_wconf 85' lang='lat' dir='ltr'>exclamat,</span> <span class='ocrx_word' id='word_1_271' title='bbox 1113 2667 1212 2708; x_wconf 90' lang='lat' dir='ltr'>„pro</span> <span class='ocrx_word' id='word_1_272' title='bbox 1235 2651 1382 2693; x_wconf 86' lang='lat' dir='ltr'>talibus</span> <span class='ocrx_word' id='word_1_273' title='bbox 1407 2650 1517 2691; x_wconf 89' lang='lat' dir='ltr'>ausis</span> 
     </span>
     <span class='ocr_line' id='line_1_48' title="bbox 361 2711 1373 2768; baseline 0 -16"><span class='ocrx_word' id='word_1_274' title='bbox 361 2711 419 2761; x_wconf 91' lang='lat' dir='ltr'>di,</span> <span class='ocrx_word' id='word_1_275' title='bbox 446 2712 481 2752; x_wconf 89' lang='lat' dir='ltr'>si</span> <span class='ocrx_word' id='word_1_276' title='bbox 504 2726 585 2766; x_wconf 91' lang='lat' dir='ltr'>qua</span> <span class='ocrx_word' id='word_1_277' title='bbox 608 2718 671 2754; x_wconf 89' lang='lat' dir='ltr'>est</span> <span class='ocrx_word' id='word_1_278' title='bbox 694 2714 805 2755; x_wconf 91' lang='lat' dir='ltr'>caelo</span> <span class='ocrx_word' id='word_1_279' title='bbox 828 2715 976 2768; x_wconf 84' lang='lat' dir='ltr'>pictas,</span> <span class='ocrx_word' id='word_1_280' title='bbox 1002 2728 1106 2767; x_wconf 90' lang='lat' dir='ltr'>quae</span> <span class='ocrx_word' id='word_1_281' title='bbox 1131 2714 1227 2755; x_wconf 86' lang='lat' dir='ltr'>talia</span> <span class='ocrx_word' id='word_1_282' title='bbox 1250 2718 1373 2761; x_wconf 86' lang='lat' dir='ltr'>curet,</span> 
     </span>
    </p>
   </div>
  </div>
 </body>
</html>
