1820 3054
382 262 464 305 376

311 566 354 596 40

315 1290 355 1321 10

314 2146 357 2177 10

781 270 823 304 Ρ.
841 268 1071 304 VERGILII
1087 266 1312 303 MARONIS

488 370 635 412 videbo
659 369 876 410 habentem
898 374 1058 423 praeter
1080 369 1251 424 ignavos
1274 368 1375 410 nihil

544 431 689 472 fratres
714 435 753 470 et
776 429 923 470 iratum
947 429 1102 478 Iovem,

489 491 743 543 scissumque
767 495 950 530 ventrem
975 495 1016 531 et
1037 489 1216 531 herniosi
1237 490 1372 545 patrui

541 551 668 606 pedes
692 549 827 592 inedia
850 550 1046 605 turgidos.

1011 649 1087 691 VI.

491 731 539 774 Si
562 732 662 774 mihi
686 737 922 787 susceptum
945 731 1068 773 fuerit
1091 732 1303 774 decurrere
1326 748 1487 782 munus,

544 808 569 835 o
592 793 783 848 Paphon,
809 807 834 835 o
859 793 978 835 sedes
1002 807 1107 847 quae
1131 793 1231 835 colis
1255 793 1420 844 Idalias,

489 854 637 896 Troius
661 852 828 895 Aeneas
852 853 1040 896 Romana
1061 869 1135 909 per
1157 855 1308 910 oppida
1331 855 1456 910 digno

545 915 627 955 iam
651 915 815 956 tandem
837 920 884 956 ut
907 920 1042 957 tecum
1066 915 1244 957 carmine
1267 921 1409 957 vectus
1433 922 1516 958 eat:

488 991 571 1017 non
595 990 672 1030 ego
695 981 784 1016 ture
807 975 930 1017 modo
954 981 1024 1016 aut
1045 976 1156 1030 picta
1178 982 1249 1017 tua
1272 976 1424 1031 templa
1447 976 1596 1019 tabella

544 1036 696 1077 ornabo
721 1042 761 1076 et
782 1036 895 1090 puris
921 1041 1029 1076 serta
1051 1036 1180 1077 feram
1203 1036 1391 1078 manibus
1399 1053 1411 1086 ;

489 1097 675 1151 corniger
697 1096 772 1137 hos
797 1096 900 1138 aries
924 1096 1089 1138 humilis
1114 1103 1154 1138 et
1176 1097 1355 1138 maxima
1378 1107 1516 1139 taurus

545 1157 711 1198 victima
735 1163 915 1199 sacratos
940 1157 1099 1212 tinguet
1122 1157 1275 1199 honore
1299 1158 1427 1208 focos,

489 1232 821 1271 marmorcusque
845 1218 935 1267 tibi,
961 1218 1056 1267 dea,
1081 1218 1395 1259 versicoloribus
1421 1219 1495 1260 alis

544 1279 587 1319 in
610 1293 764 1319 morem
787 1278 896 1332 picta
921 1277 1044 1319 sta-bit
1066 1277 1199 1319 Amor
1220 1278 1422 1333 pharetra.

490 1339 620 1388 adsis,
646 1353 671 1379 0
696 1337 919 1393 Cytherea:
945 1344 1039 1379 tuus
1063 1344 1104 1379 te
1130 1337 1285 1380 Caesar
1309 1337 1491 1394 Olympo

545 1404 585 1440 et
610 1397 839 1440 Surrentini
861 1399 988 1440 litoris
1013 1413 1084 1440 ora
1107 1409 1239 1441 vocat.

1001 1498 1100 1540 VII.

543 1581 608 1623 Ite
631 1581 744 1631 hinc,
768 1581 928 1631 inanes,
953 1582 1026 1631 ite,
1050 1581 1258 1624 rhetorum
1281 1583 1496 1638 ampullae,

489 1643 629 1685 inflata
650 1657 741 1684 rore
764 1658 849 1684 non
871 1642 1056 1685 Achaico
1079 1643 1224 1695 verba3

490 1710 531 1746 et
552 1719 647 1754 vos,
675 1702 761 1746 Sile
783 1703 948 1755 Albuti,
973 1703 1239 1759 Arquitique,
1263 1704 1524 1760 Varroque,*

492 1765 829 1807 scholasticorum
850 1766 961 1807 natio
985 1766 1155 1808 madens
1178 1766 1335 1822 pingui,

489 1827 545 1868 ite
568 1826 681 1876 hinc,
705 1826 838 1868 inanis
863 1826 1081 1882 cymbalon
1102 1827 1337 1869 iuventutis.

491 1893 635 1940 tuque,
660 1901 685 1928 o
708 1901 892 1929 mearum
915 1902 1030 1938 cura,
1059 1886 1203 1938 Sexte,
1229 1903 1430 1938 curarum,

491 1948 600 1998 vale,
627 1946 800 1997 Sabine3
823 1948 907 1989 iam
928 1948 1079 1998 valete,
1105 1948 1286 1990 formosi.

490 2024 566 2051 nos
590 2009 644 2050 ad
665 2008 809 2050 beatos
833 2009 926 2050 vela
947 2010 1145 2050 mittimus
1168 2016 1323 2064 portus,

489 2070 631 2126 magni
651 2075 838 2125 petentes
862 2070 982 2111 docta
1005 2070 1114 2111 dicta
1138 2069 1322 2125 Syronis,

490 2132 699 2184 vitamque
722 2130 775 2173 ab
798 2131 910 2172 omni
932 2130 1229 2173 vindicabimus
1255 2146 1363 2173 cura.

490 2193 546 2234 ite
568 2192 682 2242 hinc,
710 2191 936 2242 Camenae,
960 2207 1035 2234 vos
1059 2206 1222 2246 quoque
1244 2192 1371 2234 limite
1396 2207 1555 2244 saevae,
1569 2192 1591 2215 ³⁸*

491 2253 631 2295 dulces
657 2252 882 2295 Camenae:
907 2268 1004 2295 nam
1026 2252 1246 2295 fatebimur
1268 2268 1423 2304 verum,

492 2314 632 2356 dulces
655 2314 803 2356 fuistis.
829 2320 870 2356 et
892 2320 1029 2356 tamen
1050 2329 1164 2356 meas
1188 2314 1348 2356 chartas

491 2375 717 2426 revisitote,
744 2376 818 2418 sed
839 2376 1039 2430 pudenter
1062 2381 1103 2417 et
1124 2390 1228 2417 raro.

990 2474 1112 2517 VIII.

551 2557 730 2601 Sabinus
753 2559 840 2609 ille,
865 2573 988 2613 quem
1011 2559 1157 2600 videtis
1165 2589 1176 2608 ,
1201 2558 1396 2614 hospites,

494 2620 550 2661 ait
572 2620 701 2663 fuisse
723 2620 849 2662 mulio
873 2620 1118 2671 celerrimus,

493 2695 626 2735 neque
650 2682 772 2725 ullius
795 2682 970 2725 volantis
994 2682 1177 2737 inpetum
1201 2682 1276 2723 cisi
