1800 3080
655 708 1018 763 CULEX.

207 902 431 954 Lusimus,
458 900 630 952 Octavi,
655 900 800 958 gracili
821 899 1060 943 modulante
1085 899 1236 942 Thalia

151 971 293 1020 atque,
319 971 366 1007 ut
389 964 588 1014 araneoli‚
613 969 781 1006 tenuem
805 962 1076 1005 formavimus
1101 977 1255 1011 orsum,

150 1027 344 1070 lusimus:
369 1027 474 1069 haec
495 1031 664 1082 propter
687 1026 829 1068 culicis
854 1026 938 1068 sint
961 1025 1144 1067 carmina
1167 1025 1289 1067 dicta.

150 1090 284 1132 omnis
308 1096 355 1131 ut
377 1089 573 1131 historiae
595 1102 671 1143 per
693 1087 840 1129 ludum
863 1092 1063 1129 consonet
1087 1087 1188 1130 ordo

150 1152 337 1202 notitiae,
363 1151 513 1193 ducam
537 1164 681 1200 voces,
706 1149 803 1192 licet
825 1149 991 1191 invidus
1015 1149 1136 1191 adsit.

150 1213 338 1268 quisquis
363 1213 440 1255 erit
463 1212 630 1268 culpare
652 1211 766 1254 iocos
791 1225 1037 1266 musamque
1060 1217 1243 1267 paratus,

149 1275 332 1330 pondere
355 1275 423 1316 vel
447 1274 590 1316 culicis
613 1274 744 1316 levior
764 1273 960 1328 famaque
983 1273 1152 1315 feratur.

149 1337 355 1391 posterius
379 1336 569 1392 graviore
594 1349 697 1378 sono
721 1334 797 1378 tibi
819 1350 942 1377 musa
963 1335 1156 1390 loquetur

150 1406 308 1449 nostra,
335 1399 495 1441 dabunt
518 1413 613 1440 cum
638 1412 806 1440 securos
830 1397 933 1439 mihi
956 1403 1143 1454 tempora
1165 1398 1339 1449 fructus,

150 1467 196 1502 ut
220 1461 295 1503 tibi
319 1461 446 1518 digna
468 1467 541 1503 tuo
564 1459 774 1516 poliantur
796 1460 979 1501 carmina
1002 1474 1141 1502 sensu.

206 1523 398 1565 Latonae
422 1523 647 1579 magnique
670 1522 784 1564 Iovis
810 1522 957 1572 decus,
984 1537 1109 1564 aurea
1132 1522 1283 1578 proles,

149 1583 350 1627 Phoebus
376 1585 452 1626 erit
475 1584 606 1626 nostri
629 1584 823 1640 princeps
849 1590 890 1626 et
914 1585 1106 1627 carminis
1132 1590 1275 1627 auctor

150 1654 191 1687 et
213 1647 421 1688 recinente
444 1646 534 1702 lyra
558 1646 714 1696 fautor,
741 1647 829 1688 sive
854 1646 1003 1688 educat
1024 1646 1143 1688 illum

150 1714 243 1750 acta
268 1707 516 1751 Chimaereo
539 1708 706 1750 Xanthi
727 1708 898 1764 perfusa
920 1708 1090 1763 liquore,

151 1784 226 1811 seu
249 1770 377 1812 decus
401 1769 614 1821 Asteriae,
641 1785 716 1813 seu
739 1785 824 1825 qua
845 1770 1049 1813 Parnasia
1071 1786 1196 1827 rupes

150 1832 246 1874 hinc
270 1837 393 1886 atque
417 1831 513 1874 hinc
535 1832 679 1888 patula
700 1833 948 1888 praepandit
972 1847 1128 1875 cornua
1151 1833 1299 1885 fronte,

153 1893 446 1947 Castaliaeque
471 1909 624 1936 sonans
648 1894 805 1949 liquido
828 1895 935 1950 pede
958 1895 1113 1938 labitur
1135 1897 1260 1939 unda.

149 1968 294 2010 quare,
319 1955 447 1997 Pierii
469 1955 603 1998 laticis
628 1956 774 2007 decus,
799 1957 874 2008 ite,
901 1971 1062 2000 sorores

147 2017 348 2068 Naiades,
375 2023 416 2060 et
440 2017 644 2060 celebrate
668 2019 794 2060 deum
817 2019 986 2062 ludente
1011 2019 1173 2062 chorea.

148 2084 190 2120 et
213 2084 259 2120 tu
283 2085 426 2121 sancta
448 2079 593 2131 Pales,
619 2081 674 2122 ad
696 2095 823 2135 quam
846 2087 1023 2124 ventura
1044 2082 1219 2124 recurrit

148 2148 360 2198 agrestum
383 2142 495 2185 bona
517 2155 627 2194 sors,
654 2144 774 2199 siqua
797 2150 862 2187 est
885 2144 962 2187 tibi
986 2159 1086 2187 cura
1109 2146 1286 2188 tenentis

149 2204 281 2246 aerios
304 2219 521 2247 nemorum
545 2206 679 2248 cultus
705 2207 915 2260 silvasque
938 2207 1132 2258 virentes,

149 2270 190 2306 te
214 2265 382 2307 cultrice
404 2281 539 2322 vagus
565 2267 694 2309 saltus
718 2267 830 2310 feror
852 2268 959 2310 inter
983 2274 1024 2310 et
1048 2274 1171 2310 astra.

204 2326 264 2368 Et
287 2333 352 2377 tu,
377 2327 444 2368 cui
467 2327 624 2369 meritis
649 2329 778 2370 oritur
800 2328 953 2370 fiducia
976 2329 1143 2380 chartis,

151 2386 305 2430 Octavi
327 2389 580 2438 venerande,
606 2389 710 2431 meis
735 2390 928 2432 adlabere
952 2391 1123 2447 coeptis.

149 2449 265 2491 triste
288 2449 402 2492 Iovis
426 2449 663 2505 Phorcique
687 2451 798 2493 canit
820 2466 906 2494 non
926 2453 1082 2508 pagina
1103 2452 1272 2503 bellum,

147 2510 331 2567 Phlegra
356 2510 565 2568 Giganteo
590 2527 736 2568 sparsa
758 2520 823 2555 est
846 2528 929 2568 quo
954 2514 1156 2570 sanguine
1181 2515 1317 2567 tellus,

148 2587 225 2615 nec
251 2573 507 2616 Centaureos
530 2574 736 2630 Lapithas
761 2576 956 2631 conpellit
978 2576 1022 2617 in
1045 2590 1181 2627 enses,

147 2635 229 2677 urit
251 2635 546 2678 Erichthonias
574 2635 727 2679 Oriens
750 2652 836 2679 non
858 2637 1026 2694 ignibus
1051 2653 1180 2689 arces,

147 2712 226 2739 nec
247 2697 462 2753 perfossus
487 2697 625 2741 Athos
650 2713 727 2741 nec
749 2714 902 2756 magno
924 2700 1090 2742 vincula
1112 2706 1240 2756 ponto

149 2758 256 2801 iacta
279 2774 372 2802 meo
397 2766 596 2814 quaerent
619 2760 702 2802 iam
727 2775 819 2803 sera
841 2761 1051 2804 volumine
1075 2762 1249 2814 famam;

1547 1474 1587 1504 10

1545 1786 1585 1816 15

1542 2097 1583 2126 20

1540 2406 1582 2436 25

1537 2716 1579 2746 30
