1820 3080
381 282 464 324 274
780 287 822 321 P.
843 283 1073 321 VERGILII
1091 282 1316 320 MARONIS

378 391 489 432 haud
512 390 628 430 aliter
649 393 756 428 retro
779 385 928 427 dubius
952 384 1128 439 vestigia
1151 383 1315 425 Turnus

294 464 355 495 795
378 452 634 505 inproperata
655 447 796 496 refert,
822 451 863 487 et
884 459 1000 487 mens
1024 450 1236 486 exaestuat
1257 444 1328 485 ira.

379 511 477 564 quin
500 510 621 550 etiam
643 507 707 549 bis
731 513 818 547 tum
841 506 997 547 medios
1020 505 1226 546 invaserat
1247 504 1389 554 hostis,

378 571 442 612 bis
466 569 638 611 confusa
660 568 761 623 suga
783 581 857 622 per
879 581 1017 607 muros
1042 566 1206 621 agmina
1228 566 1367 615 vertit3

380 630 452 671 sed
474 643 619 670 manus
644 643 665 669 e
690 628 832 669 castris
856 642 1027 682 propere
1051 627 1132 668 eoit
1155 626 1288 667 omnis
1311 626 1355 667 in
1376 641 1515 676 unum,

378 704 454 731 nee
478 694 618 730 eontra
640 689 747 729 vires
771 688 893 728 audet
918 686 1112 729 Saturnia
1134 687 1241 728 Iuno

291 765 355 794 800
381 750 587 800 sufficere;
613 749 764 790 aeriam
787 749 900 789 eaelo
923 763 1019 789 nam
1041 748 1227 803 Iuppiter
1247 747 1348 788 Irim

379 811 560 860 demisit,
585 824 804 865 germanae
827 810 939 850 haud
961 809 1099 850 mollia
1121 809 1235 849 iussa
1258 808 1468 857 ferentem,

379 872 422 912 ni
446 871 610 912 Turnus
635 871 753 911 cedat
776 870 1028 911 Teucrorum
1051 869 1265 910 moenibus
1290 868 1395 910 altis.

380 946 479 987 ergo
502 946 578 973 nee
602 931 732 986 clipeo
755 931 914 972 iuvenis
940 930 1161 972 subsistere
1186 935 1344 971 tantum

380 1007 456 1034 nee
479 993 622 1033 dextra
644 993 770 1042 valet3
794 992 952 1033 iniectis
977 992 1036 1033 sie
1059 991 1238 1044 undique
1262 991 1352 1032 telis

292 1067 356 1097 805
381 1053 575 1095 obruitur.
601 1053 743 1107 strepit
766 1053 939 1093 adsiduo
963 1066 1064 1093 cava
1087 1058 1269 1106 tempora
1293 1052 1443 1092 circum

381 1114 529 1154 tinnitu
550 1113 669 1169 galea
692 1119 732 1154 et
755 1114 865 1154 saxis
891 1113 1020 1154 solida
1043 1127 1137 1153 aera
1161 1113 1367 1162 fatiscunt,

381 1175 672 1227 discussaeque
695 1174 815 1215 iubae
839 1174 980 1228 capiti,
1004 1188 1081 1214 nec
1105 1173 1258 1214 suffieit
1279 1174 1404 1214 umbo

380 1234 547 1284 ictibus,
572 1234 826 1288 ingeminant
848 1234 977 1275 hastis
1002 1239 1042 1274 et
1065 1233 1194 1274 Troes
1220 1239 1260 1274 et
1282 1233 1371 1288 ipse

381 1295 600 1336 fulmineus
624 1294 880 1335 Mnestheus.
905 1300 992 1334 tum
1015 1300 1100 1335 toto
1124 1308 1290 1348 corpore
1315 1294 1440 1334 sudor

293 1368 359 1399 810
382 1355 548 1408 liquitur
571 1363 611 1395 et
633 1355 796 1409 piceum
819 1379 874 1384 —-
895 1369 972 1395 nec
995 1354 1195 1408 respirare
1217 1359 1399 1408 potestas
1423 1379 1477 1384 —

381 1415 533 1456 flumen
556 1414 658 1469 agit,
683 1414 816 1455 fessos
840 1415 970 1467 quatit
993 1429 1116 1469 aeger
1138 1414 1340 1455 anhelitus
1364 1421 1486 1455 artus.

382 1482 469 1516 tum
493 1476 657 1516 demum
679 1489 876 1530 praeceps
901 1475 1009 1516 saltu
1032 1490 1122 1516 sese
1146 1474 1334 1516 omnibus
1358 1475 1481 1516 armis

382 1537 425 1577 in
447 1536 617 1577 fluvium
640 1536 764 1577 dedit.
788 1536 856 1577 ille
881 1551 955 1577 suo
980 1551 1073 1577 eum
1096 1537 1257 1591 gurgite
1281 1536 1388 1577 flavo

383 1597 539 1651 aceepit
561 1597 790 1638 venientem
814 1611 863 1638 ac
885 1597 1076 1639 mollibus
1101 1597 1243 1638 extulit
1265 1597 1398 1646 undis,

295 1669 359 1700 815
384 1663 424 1699 et
446 1657 598 1699 laetum
622 1658 743 1700 sociis
767 1657 906 1700 abluta
929 1659 1053 1700 caede
1075 1658 1242 1699 remisit.
