1794 3048
325 283 379 325 76
725 293 767 327 P.
786 291 1018 328 VERGILII
1036 290 1260 329 MARoNIS

322 408 464 435 verum
487 393 588 434 haec
611 393 699 446 ipse
723 393 911 445 equidem
934 392 1077 446 spatiis
1101 392 1291 434 exclusus
1316 394 1464 448 iniquis

321 460 530 509 praetereo
554 459 675 506 atque
699 453 787 493 aliis
811 458 905 507 post
927 467 993 493 me
1017 454 1279 495 memoranda
1301 455 1496 509 relinquo.

377 514 498 556 Nunc
520 528 615 568 age,
641 519 805 554 naturas
830 513 975 568 apibus
1000 527 1102 567 quas
1126 514 1311 569 Iuppiter
1333 516 1423 570 ipse

236 588 299 619 150
323 574 496 624 addidit,
522 574 754 628 expediam,
779 588 854 628 pro
878 589 959 627 qua
982 575 1186 626 mercede,
1213 590 1383 618 canoros

323 635 522 676 Curetum
546 634 702 676 sonitus
727 635 1045 690 crepitantiaque
1069 650 1164 677 aera
1187 643 1363 687 secutae,

321 696 496 737 Dictaeo
520 695 622 737 caeli
643 710 782 751 regem
805 711 955 751 pavere
979 696 1055 738 sub
1080 703 1207 739 antro.

323 757 433 798 solae
456 771 693 806 communes
717 763 854 807 natos,
879 758 1082 799 consortia
1104 764 1212 799 tecta

321 816 434 859 urbis
458 817 610 859 habent
632 819 874 873 magnisque
898 819 1053 874 agitant
1077 818 1154 860 sub
1176 818 1337 873 legibus
1363 834 1519 869 aevom,

236 892 298 922 155
323 884 364 919 et
384 878 558 933 patriam
582 879 693 920 solae
718 886 758 920 et
781 885 911 921 certos
935 893 1084 920 novere
1107 878 1298 929 Penates,

322 945 597 993 venturaeque
620 940 766 982 hiemis
791 955 991 982 memores
1016 946 1169 982 aestate
1191 940 1373 982 laborem

325 1000 586 1055 experiuntur
609 1007 649 1042 et
671 1001 715 1042 in
737 1002 916 1042 medium
939 1002 1124 1055 quaesita
1146 1009 1360 1057 reponunt.

323 1076 500 1115 namque
523 1062 625 1103 aliae
649 1062 760 1103 victu
782 1063 996 1118 invigilant
1019 1068 1060 1104 et
1082 1062 1245 1104 foedere
1268 1069 1388 1117 pacto

324 1127 563 1163 exercentur
585 1122 713 1178 agris3
737 1137 831 1177 pars
855 1123 960 1164 intra
984 1129 1125 1177 saepta
1147 1123 1361 1164 domorum

237 1196 300 1226 160
323 1183 493 1224 narcissi
515 1182 723 1224 lacrimam
747 1190 788 1224 et
809 1183 964 1225 lentum
988 1184 1038 1224 de
1063 1184 1210 1224 cortice
1232 1184 1374 1239 gluten

321 1244 455 1299 prima
477 1244 583 1285 favis
606 1250 765 1299 ponunt
787 1245 1044 1294 fundamina,
1071 1244 1216 1285 deinde
1240 1250 1404 1285 tenaces

324 1306 578 1359 suspendunt
600 1320 732 1346 ceras:
757 1306 859 1347 aliae
884 1320 999 1361 spem
1022 1305 1155 1361 gentis
1180 1305 1339 1346 adultos

324 1366 502 1407 educunt
525 1366 651 1417 fetus,
677 1366 779 1407 aliae
802 1367 1021 1421 purissima
1043 1367 1164 1407 mella

324 1427 475 1482 stipant
498 1433 538 1468 et
560 1427 714 1481 liquido
737 1427 974 1468 distendunt
996 1432 1158 1468 nectare
1182 1426 1317 1469 cellas.

236 1501 300 1532 165
326 1495 420 1531 sunt
442 1488 590 1542 quibus
615 1488 668 1529 ad
690 1494 828 1543 portas
853 1488 998 1530 cecidit
1022 1488 1207 1530 custodia
1231 1489 1341 1538 sorti,

323 1549 446 1603 inque
469 1549 601 1590 vicem
625 1548 886 1603 speculantur
908 1563 1035 1603 aquas
1060 1554 1100 1590 et
1122 1548 1262 1590 nubila
1285 1549 1398 1599 caeli,

324 1616 396 1651 aut
417 1624 541 1651 onera
563 1610 767 1665 accipiunt
790 1610 1043 1660 venientum,
1068 1615 1139 1651 aut
1162 1610 1324 1665 agmine
1349 1610 1456 1652 facto

323 1672 519 1727 ignavum
541 1671 658 1713 fucos
681 1685 807 1726 pecus
832 1687 858 1713 a
878 1671 1144 1727 praesepibus
1169 1677 1319 1713 arcent.

323 1733 455 1774 servet
478 1746 600 1786 opus,
625 1732 889 1787 redolentque
912 1732 1054 1787 thymo
1077 1731 1301 1788 fragrantia
1322 1731 1455 1773 mella.

238 1806 302 1837 170
324 1807 373 1835 ac
395 1792 522 1834 veluti
544 1792 663 1834 lentis
690 1792 894 1848 Cyclopes
918 1793 1091 1834 fulmina
1113 1793 1262 1834 massis

325 1869 419 1896 cum
441 1860 677 1908 properant,
702 1854 771 1894 alii
793 1854 962 1895 taurinis
987 1854 1152 1896 follibus
1177 1869 1296 1895 auras

325 1914 528 1970 accipiunt
549 1914 823 1968 redduntque,
848 1915 916 1956 alii
940 1915 1151 1956 stridentia
1173 1915 1366 1970 tinguunt

325 1990 419 2017 aera
440 1975 551 2025 lacu3
575 1975 703 2030 gemit
724 1975 909 2030 inpositis
932 1975 1149 2017 incudibus
1172 1974 1310 2016 Aetna
1317 1991 1329 2025 3

324 2036 384 2078 illi
404 2036 510 2077 inter
533 2050 624 2077 sese
646 2051 798 2092 magna
819 2036 862 2077 vi
886 2035 1051 2078 brachia
1074 2036 1221 2077 tollunt

240 2111 302 2142 175
324 2098 368 2139 in
389 2111 604 2138 numerum
626 2103 870 2151 versantque
893 2097 1026 2138 tenaci
1049 2097 1203 2152 forcipe
1226 2096 1399 2137 ferrum:

325 2174 409 2201 non
431 2158 563 2209 aliter,
590 2158 625 2199 si
647 2173 775 2213 parva
796 2159 891 2200 licet
914 2172 1143 2213 conponere
1165 2157 1339 2212 magnis,

327 2219 548 2275 Cecropias
571 2219 735 2260 innatus
760 2234 858 2274 apes
883 2234 998 2260 amor
1019 2224 1167 2274 urguet
1189 2217 1378 2267 habendi,

326 2295 493 2322 munere
515 2294 720 2335 quamque
744 2295 830 2323 suo.
855 2280 1099 2336 grandaevis
1123 2279 1274 2334 oppida
1297 2293 1429 2329 curae,

327 2349 368 2385 et
389 2342 546 2384 munire
569 2342 686 2384 favos
712 2347 752 2383 et
775 2341 945 2383 daedala
967 2341 1122 2396 fingere
1145 2346 1263 2381 tecta.

243 2417 304 2448 180
328 2410 370 2446 at
392 2403 527 2446 fessae
550 2404 679 2445 multa
701 2403 883 2445 referunt
906 2417 950 2444 se
973 2408 1094 2444 nocte
1117 2402 1307 2451 minores,

328 2481 446 2508 crura
468 2466 610 2521 thymo
633 2466 796 2521 plenae3
819 2471 1044 2521 pascuntur
1066 2470 1107 2507 et
1130 2464 1275 2506 arbuta
1296 2463 1452 2519 passim

328 2534 369 2568 et
390 2528 559 2582 glaucas
583 2527 727 2569 salices
752 2527 984 2580 casiamque
1009 2539 1252 2579 crocumque
1275 2523 1486 2565 rubentem

328 2594 369 2629 et
390 2589 586 2643 pinguem
609 2589 737 2630 tiliam
759 2594 800 2630 et
822 2587 1074 2643 ferrugineos
1097 2585 1350 2641 hyacinthos.

329 2649 516 2691 omnibus
540 2664 622 2690 una
644 2650 760 2702 quies
785 2663 971 2704 operum,
995 2648 1111 2690 labor
1134 2645 1322 2688 omnibus
1346 2659 1472 2685 unus:

242 2723 307 2755 185
330 2725 448 2752 mane
471 2716 594 2752 ruunt
615 2711 742 2765 portis
751 2727 766 2760 3-
786 2725 989 2764 nusquam
1012 2723 1142 2758 mora3
1166 2721 1306 2749 rursus
1331 2705 1496 2747 easdem
