1794 3048
419 300 472 342 38
817 306 859 340 P.
878 303 1106 340 VERGILII
1124 302 1348 340 MARONIS

418 416 505 450 tum
529 407 660 450 somni
683 406 821 447 dulces
846 405 1076 457 densaeque
1099 404 1142 444 in
1164 403 1368 445 montibus
1393 403 1570 445 umbrae.

420 474 566 510 cuncta
589 468 662 509 tibi
687 466 879 508 Cererem
901 464 1032 519 pubes
1057 464 1228 519 agrestis
1253 464 1410 514 adoret3

420 529 484 570 cui
507 534 550 569 tu
573 528 677 569 lacte
700 526 818 567 favos
843 531 882 566 et
905 525 992 566 miti
1015 524 1123 565 dilue
1146 524 1323 574 Baccho,

331 605 395 634 345
419 597 557 642 terque
581 603 707 629 novas
732 587 883 627 circum
906 586 1004 627 felix
1027 591 1093 627 eat
1115 585 1248 627 hostia
1269 585 1422 641 fruges,

419 649 548 691 omnis
573 663 695 701 quam
720 648 866 690 chorus
891 653 930 688 et
954 646 1054 688 socii
1077 646 1318 688 comitentur
1340 653 1521 695 ovantes,

418 716 458 750 et
483 709 673 750 Cererem
697 708 871 749 clamore
894 713 1041 749 vocent
1063 707 1106 747 in
1129 712 1253 756 tecta3
1277 720 1409 760 neque
1433 713 1526 748 ante

417 770 564 810 falcem
587 769 754 810 maturis
779 768 995 822 quisquam
1020 773 1221 821 supponat
1244 767 1389 816 aristis,

418 845 541 883 quam
567 829 706 871 Cereri
729 835 832 870 torta
854 828 1063 870 redimitus
1089 835 1270 882 tempora
1293 841 1446 880 quercu

331 905 395 934 350
419 891 487 932 det
510 897 643 932 motus
667 890 942 944 inconpositos
966 895 1006 930 et
1030 889 1208 930 carmina
1230 888 1349 929 dicat.

473 951 612 1004 Atque
636 951 737 992 haec
760 957 805 991 ut
828 950 946 991 certis
969 964 1184 1004 possemus
1209 949 1364 990 discere
1388 948 1528 1003 signis,

420 1018 636 1065 aestusque
659 1012 899 1066 pluviasque
923 1017 963 1052 et
986 1010 1144 1066 agentis
1168 1009 1322 1065 frigora
1344 1015 1501 1059 ventos,

418 1074 506 1128 ipse
529 1079 645 1127 pater
668 1073 824 1122 statuit,
849 1072 948 1126 quid
970 1077 1178 1112 menstrua
1211 1072 1309 1112 luna
1345 1077 1538 1118 moneret,

419 1149 500 1187 quo
525 1134 642 1189 signo
666 1133 855 1174 caderent
879 1133 1023 1182 austri,
1048 1132 1147 1186 quid
1171 1146 1291 1186 saepe
1315 1132 1498 1172 videntes
1601 1131 1603 1133 ’

333 1209 395 1238 355
419 1195 618 1250 agricolae
641 1194 807 1248 propius
832 1193 1001 1235 stabulis
1025 1199 1206 1234 armenta
1229 1198 1422 1233 tenerent.

421 1255 629 1304 continuo,
653 1255 785 1295 ventis
810 1253 1088 1309 surgentibus,
1114 1259 1182 1294 aut
1206 1252 1310 1294 freta
1331 1252 1446 1307 ponti

419 1316 617 1370 incipiunt
640 1315 791 1371 agitata
814 1321 1038 1356 tumescere
1062 1320 1102 1355 et
1125 1314 1261 1355 aridus
1285 1314 1376 1354 altis

420 1376 624 1422 montibus
650 1376 778 1417 audiri
801 1375 956 1430 fragor,
982 1381 1052 1416 aut
1073 1374 1304 1416 resonantia
1326 1374 1448 1429 longe

420 1437 537 1478 litora
559 1436 719 1477 misceri
742 1442 781 1477 et
804 1450 1013 1477 nemorum
1037 1435 1333 1476 increbrescere
1355 1449 1547 1475 murmur.

333 1511 397 1542 360
420 1498 501 1538 iam
526 1497 603 1538 sibi
626 1503 712 1537 tum
737 1497 869 1537 curvis
893 1496 998 1537 male
1022 1501 1219 1551 temperat
1240 1496 1350 1537 unda
1373 1495 1531 1544 carinis,

422 1573 514 1599 cum
538 1558 671 1599 medio
696 1557 845 1598 celeres
869 1557 1051 1598 revolant
1074 1572 1125 1598 ex
1148 1571 1322 1610 aequore
1345 1556 1475 1611 mergi

422 1620 717 1672 clamoremque
741 1618 875 1659 ferunt
898 1618 951 1659 ad
973 1618 1107 1668 litora,
1133 1632 1305 1671 cumque
1329 1618 1506 1658 marinae

422 1680 465 1720 in
489 1680 596 1720 sicco
619 1679 764 1719 ludunt
786 1679 952 1728 fulicae,
976 1685 1175 1732 notasque
1197 1678 1357 1733 paludis

424 1739 572 1781 deserit
595 1745 716 1792 atque
740 1739 862 1780 altam
887 1754 1010 1794 supra
1032 1739 1142 1781 volat
1165 1739 1287 1780 ardea
1308 1738 1472 1780 nubem.

336 1815 400 1844 365
426 1815 547 1854 saepe
571 1800 691 1840 etiam
716 1800 871 1849 stellas,
896 1806 1018 1841 vento
1040 1800 1302 1855 inpendente,
1327 1799 1486 1840 videbis

425 1861 664 1915 praecipites
689 1861 801 1901 caelo
824 1860 924 1910 labi,
949 1862 1160 1914 noctisque
1182 1875 1256 1915 per
1279 1861 1464 1902 umbram

425 1922 679 1962 flammarum
701 1920 844 1975 longos
868 1936 893 1962 a
916 1927 1030 1976 tergo
1054 1921 1259 1962 albescere
1283 1927 1454 1970 tractus3

428 1996 548 2036 saepe
571 1981 702 2022 levem
726 1981 885 2035 paleam
909 1987 949 2022 et
971 1981 1135 2023 frondes
1159 1982 1327 2023 volitare
1351 1982 1538 2031 caducas,

427 2049 497 2083 aut
521 2058 679 2084 summa
701 2043 834 2083 nantis
858 2043 900 2083 in
923 2057 1029 2096 aqua
1053 2043 1254 2084 colludere
1277 2044 1451 2098 plumas.

338 2118 402 2147 370
426 2110 467 2145 at
490 2103 637 2145 boreae
660 2104 710 2144 de
733 2110 846 2159 parte
870 2104 993 2146 trucis
1018 2118 1111 2145 cum
1134 2104 1321 2145 fulminat
1344 2111 1384 2146 et
1408 2119 1501 2148 cum

426 2165 590 2218 eurique
614 2165 861 2220 zephyrique
884 2171 997 2206 tonat
1020 2165 1184 2215 domus,
1209 2166 1344 2208 omnia
1366 2165 1497 2220 plenis

425 2241 519 2267 rura
541 2231 681 2267 natant
703 2226 844 2276 fossis,
869 2232 989 2280 atque
1014 2226 1144 2269 omnis
1169 2226 1306 2268 navita
1327 2232 1453 2280 ponto

426 2286 593 2328 humida
615 2287 706 2328 vela
728 2287 839 2342 legit.
865 2301 1087 2341 numquam
1111 2287 1420 2342 inprudentibus
1443 2286 1572 2332 imber

427 2347 576 2389 obfuit:
601 2355 670 2389 aut
694 2348 807 2389 illum
832 2354 1063 2403 surgentem
1089 2348 1260 2391 vallibus
1283 2349 1376 2392 imis

341 2422 403 2451 375
428 2409 559 2449 aeriae
583 2408 724 2463 fugere
748 2423 888 2463 grues,
914 2415 983 2449 aut
1008 2409 1155 2450 bucula
1178 2409 1336 2455 caelum

429 2469 654 2523 suspiciens
677 2469 825 2523 patulis
850 2470 1027 2524 captavit
1049 2469 1214 2511 naribus
1239 2485 1370 2519 auras,

428 2537 498 2571 aut
521 2536 665 2585 arguta
687 2530 800 2571 lacus
825 2530 1160 2572 circumvolitavit
1181 2530 1366 2579 hirundo,

429 2596 469 2630 et
491 2597 668 2631 veterem
691 2591 734 2631 in
755 2590 852 2632 limo
874 2606 996 2632 ranae
1020 2591 1199 2632 cecinere
1222 2591 1452 2644 querellam.

430 2650 592 2704 saepius
617 2656 657 2691 et
681 2652 796 2692 tectis
819 2651 1094 2706 penetralibus
1118 2651 1261 2693 extulit
1284 2665 1361 2691 ova

343 2722 406 2755 380
430 2716 646 2765 angustum
671 2711 839 2753 formica
862 2718 994 2753 terens
1018 2712 1110 2762 iter,
1135 2717 1175 2754 et
1198 2711 1298 2753 bibit
1320 2711 1464 2766 ingens
