1794 3048
342 275 397 318 80
744 285 786 319 P.
808 283 1038 320 VERGILH
1055 283 1279 323 MARONIS

342 387 401 428 sic
423 386 602 441 positum
627 386 667 426 in
693 385 833 426 clauso
857 385 1045 438 linquunt
1068 392 1108 427 et
1130 401 1268 428 ramea
1291 389 1413 430 costis

341 447 547 488 subiciunt
570 446 817 501 fragmenta,
842 444 1032 499 thymum
1056 446 1269 501 casiasque
1292 450 1478 492 recentis.

251 523 315 553 305
339 509 419 550 hoc
442 508 598 563 geritur
620 506 811 561 zephyris
835 507 1014 561 primum
1036 508 1324 563 inpellentibus
1349 511 1494 561 undas,

339 576 432 611 ante
456 568 573 610 novis
596 567 770 609 rubeant
794 582 918 622 quam
941 575 1058 623 prata
1080 569 1302 620 coloribus,
1327 577 1420 612 ante

338 630 503 685 garrula
526 643 650 683 quam
674 629 799 684 tignis
823 629 966 670 nidum
990 631 1214 684 suspendat
1237 631 1423 674 hirundo.

339 692 492 733 interea
516 690 664 732 teneris
691 690 918 745 tepefactus
942 690 985 732 in
1008 691 1171 733 ossibus
1195 691 1344 749 humor

339 759 500 794 aestuat
523 758 564 793 et
586 751 758 794 visenda
780 752 914 794 modis
938 752 1129 794 animalia
1152 753 1279 804 miris,

250 827 314 858 310
339 821 483 856 trunca
505 814 658 869 pedum
681 813 831 868 primo,
856 828 954 855 mox
977 819 1018 855 et
1041 814 1252 856 stridentia
1273 816 1419 870 pennis

338 875 577 925 miscentur,
603 882 848 929 tenuemque
871 875 1004 931 magis
1028 875 1161 931 magis
1185 890 1279 918 aera
1302 883 1484 932 carpunt,

339 937 488 986 donec,
513 943 558 977 ut
582 937 748 978 aestivis
773 937 930 978 effusus
954 936 1132 978 nubibus
1156 937 1298 988 imber,

339 1013 527 1053 erupere,
554 1003 624 1039 aut
646 1004 693 1039 ut
715 1012 841 1040 nervo
865 998 1053 1053 pulsante
1078 999 1264 1054 sagittae,

338 1059 470 1114 prima
492 1059 603 1101 leves
627 1059 769 1100 ineunt
793 1059 828 1100 si
851 1060 1014 1113 quando
1038 1060 1191 1114 proelia
1213 1059 1367 1101 Parthi.

250 1135 314 1164 315
396 1119 502 1173 Quis
527 1120 628 1162 deus
652 1120 776 1170 hanc,
802 1120 971 1170 Musae,
996 1121 1088 1174 quis
1111 1120 1230 1162 nobis
1255 1122 1412 1162 extudit
1435 1122 1588 1163 artem?

338 1182 446 1223 unde
472 1197 579 1223 nova
602 1181 812 1238 ingressus
836 1181 1048 1223 hominum
1073 1181 1323 1236 experientia
1346 1183 1477 1237 cepit?

337 1249 479 1298 pastor
501 1242 718 1284 Aristaeus
742 1242 906 1298 fugiens
930 1242 1087 1284 Peneia
1109 1242 1280 1297 Tempe,

338 1304 520 1353 amissis,
545 1310 591 1345 ut
614 1304 742 1353 fama,
768 1303 915 1359 apibus
939 1303 1162 1357 morboque
1186 1304 1389 1358 fameque,

338 1365 464 1407 tristis
490 1366 543 1406 ad
567 1365 737 1406 extremi
761 1379 923 1406 sacrum
947 1370 1070 1418 caput
1094 1364 1249 1406 adstitit
1272 1366 1418 1415 amnis,

250 1439 314 1470 320
338 1426 467 1467 multa
490 1440 664 1479 querens
689 1432 811 1479 atque
834 1425 913 1467 hac
936 1425 1099 1467 adfatus
1123 1440 1225 1468 voce
1248 1434 1476 1481 parentem:

340 1493 512 1537 „mater,
541 1486 702 1541 Cyrene
726 1492 873 1537 mater,
898 1501 1005 1541 quae
1027 1487 1202 1543 gurgitis
1226 1487 1347 1529 huius

338 1549 422 1589 ima
445 1555 578 1598 tenes,
603 1548 704 1602 quid
727 1563 793 1589 me
816 1548 1026 1603 praeclara
1049 1549 1173 1603 stirpe
1197 1549 1367 1590 deorum
1392 1574 1446 1579 —

339 1610 375 1650 si
398 1609 533 1658 modo,
558 1623 683 1663 quem
706 1609 909 1664 perhibes,
934 1615 1051 1664 pater
1074 1616 1137 1651 est
1155 1609 1440 1664 Thymbraeus
1460 1609 1677 1665 Apollo—

338 1670 518 1711 invisum
541 1670 637 1712 fatis
661 1670 866 1726 genuisti?
890 1676 961 1712 aut
984 1685 1066 1724 quo
1090 1670 1165 1712 tibi
1187 1671 1316 1712 nostri

212 1762 219 1769 -
250 1744 314 1775 325
337 1731 482 1786 pulsus
507 1731 645 1773 amor?
668 1732 768 1785 quid
790 1746 856 1773 me
881 1731 1041 1773 caelum
1065 1746 1231 1786 sperare
1253 1731 1450 1773 iubebas?

338 1807 391 1834 en
415 1792 538 1834 etiam
560 1792 669 1834 hunc
693 1793 830 1848 ipsum
852 1793 960 1835 vitae
984 1793 1165 1835 mortalis
1189 1793 1398 1843 honorem,

338 1867 462 1907 quem
485 1854 586 1894 mihi
608 1854 679 1895 vix
702 1854 870 1909 frugum
893 1860 934 1896 et
955 1854 1161 1910 pecudum
1184 1854 1369 1896 custodia
1393 1853 1534 1895 soHers

338 1915 475 1956 omnia
500 1915 714 1970 temptanti
738 1915 970 1965 extuderat‚
996 1921 1036 1956 te
1060 1921 1208 1965 matre,
1233 1915 1431 1969 relinquo.

337 1976 438 2029 quin
460 1990 538 2030 age
562 1982 603 2017 et
624 1976 716 2031 ipsa
738 1991 867 2018 manu
888 1976 1029 2017 felices
1053 1990 1149 2018 erue
1174 1976 1313 2026 silvas,

250 2049 315 2081 330
337 2037 400 2078 fer
423 2037 594 2079 stabulis
618 2037 830 2078 inimicum
852 2036 992 2092 ignem
1016 2042 1138 2090 atque
1161 2036 1344 2078 interfice
1367 2051 1538 2086 messes,

336 2113 410 2140 ure
434 2104 523 2140 sata
546 2105 587 2139 et
609 2098 789 2139 validam
810 2098 855 2139 in
877 2098 971 2139 vitis
995 2098 1139 2139 molire
1162 2097 1396 2152 bipennem,

337 2165 450 2201 tanta
471 2174 588 2201 meae
613 2159 648 2201 si
673 2165 712 2201 te
736 2165 933 2213 ceperunt
954 2159 1089 2200 taedia
1111 2158 1286 2200 laudis.“

337 2228 380 2263 at
402 2227 532 2263 mater
555 2220 735 2262 sonitum
759 2220 938 2261 thalamo
963 2219 1040 2261 sub
1063 2219 1244 2261 fluminis
1268 2219 1339 2260 alti

339 2282 476 2324 sensit.
502 2297 594 2323 eam
618 2281 772 2322 circum
795 2281 964 2322 Milesia
985 2280 1138 2322 vellera
1158 2280 1377 2335 Nymphae

248 2356 313 2387 335
338 2343 577 2398 carpebant,
601 2342 714 2397 hyali
738 2348 876 2384 saturo
899 2341 1038 2383 fucata
1062 2341 1207 2391 colore,

336 2404 580 2459 Drymoque
603 2403 857 2457 Xanthoque
880 2403 1098 2458 Ligeaque
1121 2402 1466 2457 Phyllodoceque,

338 2465 561 2506 caesariem
585 2464 741 2506 effusae
764 2464 936 2505 nitidam
957 2478 1032 2518 per
1054 2463 1228 2505 eandida
1252 2463 1374 2505 eolla:

339 2526 530 2581 Cydippe
554 2531 595 2567 et
616 2525 724 2567 flava
747 2525 968 2580 Lycorias,
994 2524 1121 2566 altera
1143 2524 1272 2579 virgo,

338 2588 465 2628 altera
488 2593 574 2628 tum
598 2587 751 2641 primos
775 2586 963 2627 Lucinae
987 2591 1156 2640 experta
1177 2585 1350 2633 labores,

252 2661 316 2691 340
341 2647 512 2701 Clioque
537 2655 577 2688 et
600 2648 734 2689 Beroe
759 2662 889 2696 soror,
917 2645 1181 2688 Oceanitides
1206 2645 1363 2693 ambae,

340 2708 485 2750 ambae
509 2724 624 2758 auro,
650 2709 769 2763 pictis
792 2709 991 2750 incinctae
1014 2707 1190 2762 pellibus
1214 2705 1371 2755 ambae,
