1748 3048
375 316 404 343 X
410 316 424 344 l
431 316 461 344 V
933 315 1141 341 PRAEFATIO

374 411 491 445 forma
511 409 655 444 Catullo
678 408 818 443 usitata
841 407 950 441 etiam
970 407 1068 452 apud
1088 407 1320 452 Propertium
1337 408 1386 454 11,
1407 409 1439 454 7,
1458 409 1490 444 3.
1510 410 1639 454 semel,
1663 414 1705 445 ut

373 460 472 504 apud
483 459 704 504 Vergilium,
718 456 934 492 inveniatur.

438 508 478 551 4)
502 507 706 542 Infinitivus
719 506 889 551 passivae
909 505 1048 539 formae
1061 505 1100 539 in
1117 506 1182 548 ier,
1206 516 1280 551 quo
1293 508 1406 542 semel
1418 507 1455 541 in
1473 507 1598 552 lyricis
1615 519 1704 542 usus

373 561 431 592 est
450 556 627 592 Horatius
651 556 714 600 IV,
740 555 793 598 11,
819 555 851 598 8,
872 554 971 599 apud
994 554 1216 599 Vergilium,
1242 566 1461 601 quamquam
1478 567 1554 591 non
1579 567 1703 601 saepe,

372 607 523 652 legitur,
552 610 595 640 ut
617 609 655 639 et
676 605 815 639 formae
841 608 1065 648 syncopatae
1090 611 1258 648 repostus,
1281 606 1467 650 periclum,
1497 608 1624 651 aspris,
1647 618 1705 640 ac·

372 656 483 697 castis,
506 655 702 696 exstinxem,
725 653 895 696 exstinxti,
917 653 1007 687 iusso
1033 653 1089 700 (A.
1109 653 1177 698 XI,
1201 653 1278 688 467.
1298 653 1343 688 cl.
1362 653 1526 690 Senecae
1552 665 1609 700 ep.
1632 654 1704 701 58),

372 711 482 744 traxe,
495 705 594 738 vincet.

436 753 473 799 5)
496 754 636 789 Versus
648 753 903 798 hypermetros
917 752 1064 797 saepius
1076 752 1280 797 immiscuit,
1296 753 1396 798 quod
1404 753 1557 788 consilio
1565 753 1705 788 factum

372 813 452 837 esse
462 828 471 845 ,
489 806 532 836 ut
540 802 732 837 Ennianus
744 802 904 847 populus
918 806 1139 848 agnosceret
1155 803 1192 836 in
1204 813 1302 837 novo
1317 803 1475 837 carmine
1489 803 1631 848 aliquid
1642 813 1704 837 an-

371 852 568 898 tiquitatis,
594 856 725 887 auctor
743 856 800 887 est
813 851 955 887 Seneca
974 853 1074 896 apud
1087 852 1246 887 Gellium
1265 853 1352 896 XII,
1365 853 1397 887 2.
1442 853 1492 887 Et
1507 852 1607 887 haud
1627 852 1703 887 seio

371 911 423 936 an·
433 913 514 936 cum
525 901 679 936 Heinsio
695 906 732 936 et
743 901 912 937 Bentleio
934 902 1167 937 scribendum
1187 902 1234 936 sit
1244 901 1287 937 A.
1301 902 1331 947 I,
1345 902 1411 937 229
1431 915 1449 936 o
1463 903 1522 948 qui
1537 915 1592 937 res
1602 904 1705 936 homi-

371 962 515 996 numque
527 952 741 996 deorumque.

438 1000 474 1045 6)
499 998 685 1044 Synizesis
699 1000 882 1035 invenitur
893 1001 931 1035 in
950 1013 1011 1043 ea,
1035 1001 1136 1035 velut
1149 1001 1297 1046 inhea,
1318 1002 1488 1046 Typhoea,
1512 1013 1635 1044 aurea,
1653 1003 1705 1035 al-

373 1051 504 1090 vearia,
528 1051 675 1091 trabeae,
699 1050 738 1084 in
761 1052 813 1092 ei,
837 1051 939 1085 velut
962 1052 1087 1095 ferrei,
1111 1051 1150 1084 in
1172 1062 1234 1092 eo,
1259 1050 1361 1085 velut
1386 1052 1499 1094 alveo,
1524 1062 1644 1092 aureo,
1667 1050 1706 1085 in

371 1101 386 1132 i
391 1111 428 1141 a,
447 1099 548 1133 velut
557 1100 698 1134 hiatibus
710 1099 754 1134 A.
767 1100 833 1144 VI,
846 1099 923 1145 576,
937 1100 975 1134 in
993 1112 1061 1142 uu,
1074 1101 1175 1135 velut
1186 1111 1358 1134 cur-mum.
1394 1100 1594 1144 Perperam
1607 1100 1655 1134 ad
1667 1100 1706 1134 id

371 1160 490 1193 genus
502 1148 641 1183 referas
660 1150 752 1184 desse
763 1160 829 1194 pro
843 1151 965 1184 deesse.
1014 1148 1253 1184 scribebatur
1264 1149 1358 1184 enim
1377 1153 1590 1184 constanter
1602 1151 1704 1184 desse.

372 1198 500 1232 Velius
513 1199 667 1243 Longus
680 1210 715 1243 p.
729 1199 817 1233 2227
830 1200 1030 1234 secundum
1042 1198 1271 1233 Lachmanni
1290 1199 1552 1234 correctionem
1572 1199 1620 1233 ad
1632 1199 1705 1233 Lu·

374 1252 460 1282 crct.
472 1259 508 1292 p.
520 1248 581 1282 20:
607 1250 643 1282 in
654 1250 716 1282 hac
728 1255 838 1283 autem
856 1251 903 1283 de
914 1250 1179 1294 praepositione,
1193 1261 1294 1294 quam
1306 1250 1377 1283 dixi
1380 1251 1520 1294 plenam
1526 1250 1706 1294 praeponi,

373 1297 702 1331 animadvertendum
713 1299 809 1339 illud,
823 1299 913 1343 quod
922 1299 1137 1340 imminuitur,
1149 1299 1181 1332 si
1191 1300 1324 1342 quando
1337 1310 1477 1343 sequens
1488 1309 1583 1332 voxa
1596 1300 1707 1332 littera

372 1357 390 1379 e
401 1346 531 1390 incipit,
555 1353 591 1380 ut
603 1353 650 1381 est
663 1349 818 1390 deri-are,
840 1349 932 1382 desse
938 1360 951 1389 ,·
975 1360 1043 1393 qua
1055 1349 1279 1382 enuntiatione
1290 1348 1416 1393 sufficit
1428 1349 1502 1392 ipsa
1512 1348 1703 1392 productio.

371 1395 422 1428 Et
437 1397 616 1440 precantia
638 1396 677 1430 in
699 1395 772 1431 fine
797 1408 924 1431 versus
949 1397 1075 1441 posuit
1097 1395 1141 1430 A.
1165 1396 1249 1440 VII,
1273 1396 1339 1430 237
1364 1401 1401 1430 et
1425 1397 1538 1430 omnia
1559 1396 1625 1440 VI,
1650 1396 1705 1431 33.

371 1445 504 1488 Eidem,
529 1445 582 1480 ait
598 1445 859 1480 Lachmannus
879 1447 926 1480 ad
938 1447 1087 1481 Lucret.
1104 1458 1140 1491 p.
1153 1446 1197 1480 72
1211 1457 1282 1491 sq.‚
1307 1446 1345 1480 in
1366 1445 1409 1481 G,
1422 1445 1487 1489 IV,
1500 1446 1565 1479 221
1589 1447 1664 1479 deu
1674 1457 1706 1479 m

372 1505 542 1539 namque
558 1495 620 1528 ire
634 1506 710 1540 per
727 1497 861 1529 omnia
886 1507 951 1540 pro
966 1507 1042 1541 per
1059 1497 1188 1529 omnis
1205 1497 1335 1540 eqreyie
1353 1496 1492 1529 restituit
1509 1496 1706 1529 Peerlkam-

368 1554 437 1587 pus
453 1544 500 1577 ad
515 1544 681 1578 Aeneidos
693 1544 777 1579 VII.
789 1556 824 1589 p.
838 1544 892 1578 21.
939 1544 1021 1589 Ego
1040 1545 1198 1589 praetuli
1215 1548 1258 1578 ut
1277 1544 1520 1589 antiquiorem
1538 1544 1705 1579 emenda-

371 1591 520 1636 tionem,
534 1594 635 1637 quod
641 1593 830 1628 Mediceus
839 1605 861 1628 a
869 1595 1031 1628 secunda
1038 1594 1283 1628 manuhabet:
1295 1595 1345 1628 ire
1352 1605 1417 1639 per
1424 1595 1530 1627 omnis
1537 1599 1706 1627 terrarum

372 1646 563 1686 tractusque
588 1643 703 1676 maris.
749 1642 920 1687 Denique
940 1644 1045 1677 laenis
1062 1643 1100 1676 in
1119 1643 1247 1678 eadem
1260 1643 1348 1678 sede
1366 1654 1493 1677 versus
1505 1641 1550 1677 A.
1562 1642 1608 1686 V,
1622 1642 1705 1686 2693

372 1689 421 1723 ad
446 1689 548 1723 cuius
562 1691 766 1735 exemplum
784 1693 920 1725 conubis
934 1702 1015 1726 cum
1032 1691 1272 1726 Lachmanno
1290 1692 1315 1726 l.
1327 1692 1351 1726 1.
1370 1703 1404 1736 p.
1423 1692 1499 1726 280.
1519 1691 1649 1735 scripsi
1661 1689 1705 1725 A.

372 1740 438 1783 IV,
452 1740 527 1774 168.
573 1740 786 1787 Pinguescit
809 1741 967 1787 denique
985 1754 1008 1775 u
1026 1741 1063 1776 in
1083 1743 1195 1776 tenuia
1211 1745 1249 1777 et
1268 1754 1379 1787 qenua
1404 1746 1441 1777 et
1463 1743 1477 1776 i
1497 1742 1535 1776 in
1553 1743 1656 1776 abiete
1669 1746 1708 1777 et

373 1790 507 1823 arietat.

440 1838 475 1883 7)
501 1838 643 1873 Tmesis
656 1840 867 1875 necessaria
882 1841 987 1875 estin
1000 1843 1198 1886 Septemtrio
1213 1841 1257 1876 G.
1265 1842 1333 1884 111,
1346 1842 1410 1876 381
1425 1844 1462 1876 et
1473 1841 1656 1875 invenitur
1668 1841 1706 1875 in

373 1897 460 1921 vera
472 1888 746 1932 praepositione
757 1889 800 1923 B.
807 1889 912 1934 VIII,
926 1891 968 1924 17
977 1892 1216 1935 prae-veniens
1228 1895 1266 1925 et
1276 1890 1321 1924 A.
1330 1891 1452 1934 VIIII,
1464 1891 1530 1924 286
1541 1892 1640 1935 inque
1649 1901 1705 1924 sa-

375 1938 515 1971 lutatam
534 1941 572 1971 et
582 1937 631 1980 X,
645 1938 710 1972 793
723 1939 821 1983 inque
833 1940 973 1983 liyatus,
997 1944 1191 1984 praeterea
1209 1940 1247 1974 in
1266 1946 1375 1981 tenus,
1388 1946 1545 1983 praeter,
1571 1941 1705 1981 circum,

372 1997 483 2031 super.
531 1986 781 2022 Memorabilis
801 1992 858 2022 est
877 1989 1074 2023 collocatio
1093 1988 1378 2034 praepositionis
1397 1989 1439 2023 B.
1452 1988 1518 2033 VI,
1531 1989 1552 2022 9
1570 1989 1706 2023 iniciunt

372 2037 455 2080 ipsis
466 2047 507 2069 ex
518 2036 654 2070 vincula
666 2038 774 2071 seriis.
1091 2078 1094 2084 Ι

439 2085 475 2128 8)
500 2083 744 2120 Accusativus
758 2087 943 2121 nominum
960 2087 1192 2132 propriorum
1206 2087 1430 2123 Graecorum
1447 2087 1486 2121 in
1499 2099 1537 2121 as
1550 2091 1587 2122 et
1598 2100 1632 2121 es
1646 2088 1704 2122 de—

372 2132 570 2167 sinentium
581 2134 799 2169 terminatur
811 2135 848 2170 in
861 2148 906 2170 an
920 2140 958 2171 et
969 2149 1020 2171 en.
1051 2136 1361 2171 Terminationem
1374 2138 1408 2171 in
1420 2147 1494 2171 uno
1508 2137 1591 2171 loco
1605 2137 1646 2171 B.
1658 2137 1704 2180 V,

372 2181 416 2215 52
428 2185 551 2216 tuetur
562 2190 732 2228 metrum3
744 2188 939 2228 praeterea
956 2185 995 2219 in
1007 2184 1175 2220 Mediceo
1188 2189 1245 2220 ter
1257 2185 1437 2229 reperitur
1450 2186 1514 2230 (cf.
1527 2185 1706 2230 Wagneri

374 2230 526 2271 Quaest.
549 2231 618 2276 111,
643 2232 697 2279 3),
729 2237 767 2268 et
788 2234 911 2278 potuit
931 2234 1092 2269 fortasse
1115 2234 1256 2269 variare
1279 2234 1485 2279 Vergilius,
1514 2238 1706 2279 praeterea

372 2292 422 2314 em
435 2291 502 2324 pro
515 2293 556 2314 en
567 2281 682 2316 habet
693 2282 881 2318 Mediceus
892 2282 936 2318 A.
948 2284 978 2327 I,
993 2283 1069 2318 113.
1081 2283 1146 2327 VI,
1159 2283 1234 2317 334.
1249 2283 1298 2327 X,
1313 2284 1377 2317 777
1388 2294 1439 2328 sq.

439 2329 476 2375 9)
499 2330 544 2363 In
556 2330 875 2366 terminationibus
894 2333 1078 2367 secundae
1099 2332 1356 2367 declinationis
1371 2332 1516 2367 Graeca
1532 2331 1651 2366 forma
1667 2343 1705 2365 os

373 2382 412 2414 et
428 2391 472 2413 on
491 2391 602 2424 saepe
626 2381 763 2426 legitur
781 2381 819 2416 in
838 2386 1033 2422 terrarum,
1058 2382 1277 2425 insularum,
1301 2382 1494 2426 montium,
1519 2381 1705 2415 fluminum

373 2429 592 2465 nominibus.
640 2430 695 2465 Cf.
714 2431 893 2476 Wagneri
911 2432 1061 2473 Quaest.
1079 2431 1144 2467 IV.
1191 2431 1376 2466 observat
1393 2435 1514 2466 autem
1530 2430 1705 2464 Heinsius

374 2479 422 2512 ad
434 2477 479 2512 A.
492 2479 541 2522 11,
553 2479 619 2514 371
633 2479 800 2525 aliosque
814 2481 935 2526 locos,
961 2491 1034 2526 quo
1047 2481 1272 2516 recentiores
1291 2480 1370 2515 fere
1383 2480 1458 2514 sint
1470 2479 1634 2522 codices,
1660 2489 1704 2513 eo

373 2528 497 2571 plures
512 2528 676 2564 Graecas
688 2529 825 2565 formas
844 2530 980 2565 habere
1002 2531 1131 2565 solere.
1179 2530 1294 2571 Quem
1305 2533 1446 2563 tantum
1463 2528 1572 2563 abest
1583 2531 1625 2561 ut
1635 2528 1703 2561 Pa-

373 2576 478 2610 latini
492 2577 628 2612 codicis
643 2579 842 2614 auctoritas
855 2579 1020 2624 refellat,
1038 2583 1082 2613 ut
1092 2579 1285 2624 insigniter
1298 2578 1376 2613 eius
1390 2577 1606 2612 sententiam
1620 2587 1704 2610 eon-

373 2624 493 2659 firmet
504 2626 779 2671 antiquissimus
790 2628 1005 2672 Vaticanus,
1020 2628 1083 2673 qui
1094 2628 1138 2663 A.
1146 2629 1214 2672 111,
1228 2626 1294 2661 125
1302 2638 1355 2672 sq.
1368 2628 1520 2668 Naxum,
1533 2626 1704 2665 olearum,

373 2674 503 2708 Parum
518 2674 643 2709 habet.
690 2677 764 2711 Ubi
782 2688 849 2721 per
873 2678 1021 2712 codices
1045 2678 1200 2721 licebat,
1224 2676 1375 2710 latinam
1399 2675 1703 2719 terminationem,

374 2723 475 2758 velut
486 2725 636 2765 Samum,
649 2726 859 2770 Audi-oyem,
875 2728 1073 2770 Demoleus,
1086 2728 1272 2771 Sperchias,
1289 2725 1442 2760 restitui.
