1800 3080
721 318 864 355 CIBIS.

103 426 260 469 curalio
283 425 424 483 fragili
448 430 572 479 atque
597 423 749 466 electro
772 422 1007 474 lacrimoso,

103 503 171 530 me
194 502 279 530 non
301 487 496 530 florentes
521 485 685 540 aequali
709 500 880 542 corpore
903 484 1127 542 nymphae,

101 565 187 592 non
209 555 346 592 metus
370 549 584 591 incensam
606 548 742 604 potuit
763 548 941 590 retinere
965 547 1150 590 deorum.

102 612 242 655 omnia
264 612 394 654 vincit
417 626 551 654 amor:
576 611 679 666 quid
701 611 812 652 enim
835 626 921 653 non
943 611 1129 653 vinceret
1150 610 1246 652 ille?

101 690 184 717 non
207 674 310 717 mihi
332 675 417 716 iam
439 673 587 730 pingui
613 673 823 715 sudabunt
846 679 1038 729 tempora
1060 673 1242 729 myrrha,

101 736 292 794 pronuba
314 751 392 779 nec
417 742 554 779 castos
579 736 779 778 accendet
802 736 926 792 pinus
949 735 1144 787 honores,

102 814 180 842 nec
202 799 341 856 Libys
365 798 547 855 Assyrio
572 804 779 840 sternetur
801 798 978 840 lectulus
1003 804 1128 841 ostro.

103 877 211 904 vana
235 877 402 917 queror3
427 876 549 904 mene
573 861 646 903 illa
668 861 838 916 quidem
862 860 1095 903 communis
1121 860 1332 902 alumnam

104 924 297 966 omnibus
321 924 472 966 iniecta
495 924 618 966 tellus
643 923 864 966 tumulabit
888 923 1039 965 arena?

102 1001 223 1029 mene
247 987 354 1028 inter
377 986 550 1029 comites
576 986 902 1040 ancillarumque
927 991 1116 1027 catervas

102 1063 224 1090 mene
249 1048 350 1090 alias
374 1048 482 1090 inter
504 1047 756 1090 famularum
779 1062 951 1089 munere
975 1046 1109 1103 fungi,

103 1110 291 1167 coniugis
316 1116 442 1165 atque
465 1116 580 1161 tuae,
606 1124 894 1165 quaecumque
919 1110 997 1152 erit
1019 1110 1110 1160 illa,
1134 1109 1282 1152 beatae

101 1187 185 1215 non
208 1173 324 1215 licuit
347 1173 543 1230 gravidos
569 1188 700 1229 penso
725 1173 947 1215 devolvere
971 1171 1117 1214 fusos?

103 1241 146 1276 at
167 1234 268 1277 belli
292 1235 438 1278 saltem
463 1235 671 1291 captivam
694 1235 789 1292 lege
811 1234 1028 1277 necasses!

102 1297 185 1338 iam
209 1297 347 1339 fessae
371 1297 540 1339 tandem
563 1297 732 1354 fugiunt
756 1298 808 1340 de
833 1312 1006 1353 corpore
1029 1297 1153 1348 vires,

103 1365 144 1400 et
168 1365 293 1415 caput
315 1359 469 1403 inflexa
490 1359 648 1401 lentum
673 1360 834 1402 cervice
857 1359 1075 1410 recumbit,

102 1436 333 1464 marmorea
356 1422 546 1464 adductis
571 1421 790 1464 tabescunt
813 1422 986 1464 brachia
1008 1422 1144 1464 nodis.

102 1498 332 1539 aequoreae
354 1484 527 1540 pristes,
553 1485 737 1527 inmania
760 1499 935 1540 corpora
956 1484 1088 1540 ponti,

102 1546 285 1601 undique
310 1547 564 1589 conveniunt
588 1554 627 1589 et
652 1548 803 1604 glauco
827 1548 869 1589 in
894 1548 1060 1604 gurgite
1084 1547 1241 1589 circum

102 1608 274 1651 verbere
298 1609 526 1651 caudarum
549 1616 674 1664 atque
699 1610 782 1653 oris
807 1610 1049 1651 minitantur
1072 1608 1200 1651 hiatu.

101 1671 186 1712 iam
209 1671 377 1713 tandem
402 1686 524 1713 casus
549 1671 783 1723 hominum,
809 1673 893 1714 iam
917 1672 1097 1727 respice,
1122 1670 1285 1714 Minos!

103 1733 157 1774 sit
181 1733 281 1775 satis
305 1733 403 1783 hoc,
430 1739 590 1775 tantum
616 1734 748 1776 solam
771 1734 929 1776 vidisse
952 1733 1170 1776 malorum.

100 1794 169 1837 vel
192 1794 280 1837 fato
303 1795 430 1837 fuerit
452 1795 572 1838 nobis
597 1795 701 1838 haee
725 1795 867 1838 debita
889 1796 1034 1852 pestis,

101 1858 169 1901 vel
193 1873 294 1902 casu
316 1859 492 1910 incerto,
517 1860 665 1901 merita
687 1859 755 1901 vel
779 1860 959 1915 denique
983 1860 1119 1916 culpa.

101 1922 242 1964 omnia
264 1937 362 1964 nam
385 1922 524 1978 potius
548 1936 675 1976 quam
699 1928 740 1963 te
763 1922 936 1964 laesisse
960 1922 1158 1978 putabo.“

157 1983 338 2026 Labitur
359 1984 517 2026 interea
538 1983 722 2026 resoluta
745 1983 798 2026 ab
822 1984 941 2026 litore
966 1984 1127 2035 classis,

100 2061 255 2102 magna
275 2046 493 2102 repentino
518 2046 733 2088 sinuantur
756 2046 884 2088 lintea
906 2061 1016 2097 coro,

100 2107 277 2150 flectitur
298 2109 343 2150 in
365 2108 487 2150 viridi
509 2123 649 2151 remus
675 2108 781 2160 sale,
806 2108 1007 2166 languida
1031 2109 1168 2151 fessae

100 2170 272 2226 virginis
296 2171 340 2212 in
364 2185 490 2213 cursu
512 2171 685 2213 moritur
707 2171 966 2225 querimonia
980 2171 1128 2227 longo.

70 2237 75 2240 '
101 2231 254 2273 deserit
276 2233 466 2289 angustis
490 2233 699 2275 inclusum
722 2233 916 2275 faucibus
940 2233 1146 2282 Isthmon,

103 2292 356 2348 Cypselidae
379 2294 522 2350 magni
546 2294 734 2335 florentia
756 2309 887 2350 regna
912 2293 1104 2336 Corinthi
1111 2311 1123 2344 ;

101 2355 297 2410 praeterit
320 2354 517 2411 abruptas
544 2354 730 2398 Scironis
755 2356 944 2411 protinus
970 2371 1100 2406 arceS‚

100 2416 382 2472 infestumque
408 2418 494 2460 suis
520 2418 634 2460 dirae
657 2418 878 2459 testudinis
903 2418 990 2460 exit

29 2519 32 2522 .
102 2479 315 2534 spelaeum
338 2480 553 2535 multoque
577 2487 769 2522 cruentas
793 2480 958 2536 hospite
983 2487 1139 2523 cautes.

101 2542 266 2596 iamque
291 2541 396 2584 adeo
421 2548 556 2584 tutum
579 2542 705 2599 longe
728 2542 905 2584 Piraeea
929 2543 1072 2594 cernit,

0 2586 5 2617 2
31 2636 36 2637 ν
101 2608 142 2644 et
164 2609 284 2645 notas
310 2618 471 2654 secum,
496 2604 580 2646 heu
602 2604 775 2655 frustra,
800 2611 1009 2661 respectat
1031 2604 1237 2647 Athenas.

100 2663 183 2705 iam
206 2665 352 2720 procul
376 2681 399 2708 e
422 2666 551 2708 fluctu
577 2664 814 2709 Salaminos
840 2667 1017 2723 suspicit
1043 2682 1156 2717 arva,

101 2725 375 2782 florentesque
399 2728 514 2770 videt
536 2728 620 2770 iam
646 2727 876 2784 Cycladas3
901 2729 999 2770 hinc
1025 2728 1138 2771 Ceus
1162 2728 1236 2779 illi,

105 2784 266 2831 Sunion
287 2789 384 2832 hinc
409 2791 531 2833 statio
556 2797 699 2833 contra
720 2797 835 2846 patet
858 2791 1127 2834 Hermionea.

1156 2862 1240 2900 24*

1392 306 1474 353 371

1502 499 1568 530 435

1502 810 1571 843 440

1502 1123 1569 1153 445

1502 1434 1569 1465 450

1501 1747 1567 1778 455

1500 2058 1567 2089 460

1500 2369 1566 2399 465

1497 2679 1565 2710 470
