1794 3048
271 568 335 597 540

270 870 335 901 545

271 1175 335 1205 550

271 1481 335 1510 555

272 1784 336 1814 560

272 2089 337 2119 565

360 263 414 304 86
506 271 546 306 Ρ.
564 271 795 308 VERG1L11
814 268 1040 306 MARONIS
1067 269 1358 308 GEORGICON
1379 270 1473 306 LIss.
1497 272 1561 308 IV.

360 379 551 426 quattuor
575 373 744 413 eximios
769 370 992 425 praestanti
1015 385 1183 428 corpore
1208 377 1357 420 tauros,

359 434 429 487 qui
453 433 526 474 tibi
550 447 658 473 nunc
681 432 821 472 viridis
846 431 1072 486 depascunt
1096 446 1256 472 summa
1279 433 1447 486 Lycaei,

359 494 492 549 delige
518 500 558 534 et
580 493 732 534 intacta
755 492 924 534 totidem
948 492 1105 533 cervice
1129 492 1336 534 iuvencas.

359 560 549 607 quattuor
571 554 635 595 his
660 568 751 594 aras
776 553 857 594 alta
881 553 934 594 ad
956 552 1126 594 delubra
1148 553 1316 594 dearum

358 615 558 656 constitue
582 620 623 655 et
646 629 807 655 sacrum
831 614 982 670 iugulis
1007 613 1164 655 dimitte
1189 628 1386 664 cruorem,

359 689 609 730 corporaque
633 675 724 730 ipsa
748 675 874 716 boum
897 675 1092 716 frondoso
1117 675 1258 716 desere
1282 675 1387 717 luco.

358 742 469 790 post,
495 735 568 778 ubi
590 751 699 777 nona
724 751 821 778 suos
845 735 1010 778 Aurora
1034 736 1256 777 ostenderit
1279 742 1404 786 ortus,

359 795 525 838 inferias
552 795 711 852 Orphei
734 797 921 838 Lethaea
943 812 1149 852 papavera
1171 797 1321 847 mittes,

360 864 400 898 et
422 858 582 914 nigram
606 858 804 900 mactabis
830 873 949 900 ovem
971 858 1191 912 lucumque
1213 858 1387 907 revises3

357 919 559 974 placatam
581 920 818 975 Eurydicen
840 919 968 961 vitula
990 919 1237 961 venerabere
1261 922 1419 961 caesa.“

413 979 541 1021 Haud
563 995 696 1030 mora3
722 981 914 1022 continuo
937 979 1078 1022 matris
1102 987 1320 1036 praecepta
1342 980 1527 1030 facessit3

359 1040 413 1081 ad
436 1041 606 1083 delubra
627 1041 756 1092 venit,
782 1048 1027 1083 monstratas
1053 1042 1204 1083 excitat
1227 1057 1331 1091 aras,

359 1107 550 1154 quattuor
573 1102 743 1144 eximios
766 1103 988 1158 praesta-nti
1014 1117 1182 1158 corpore
1206 1109 1343 1144 tauros

359 1163 470 1204 ducit
494 1170 533 1205 et
555 1164 708 1205 intacta
730 1164 899 1205 totidem
924 1165 1080 1207 cervice
1104 1165 1311 1206 iuvencas.

358 1230 470 1279 post,
496 1225 568 1267 ubi
589 1240 697 1266 nona
722 1240 818 1267 suos
841 1225 1007 1268 Aurora
1029 1226 1246 1267 induxerat
1269 1231 1393 1275 ortus,

358 1285 525 1327 inferias
551 1284 710 1341 Orphei
734 1287 858 1327 mittit
880 1287 1101 1341 lucumque
1124 1286 1278 1328 revisit.

358 1346 425 1387 hic
451 1361 546 1388 vero
571 1347 750 1388 subitum
774 1361 823 1388 ac
847 1347 960 1388 dictu
982 1347 1166 1389 mirabile
1189 1352 1418 1388 monstrum

360 1407 579 1461 aspiciunt,
603 1408 823 1461 liquefacta
846 1408 971 1449 boum
994 1423 1068 1463 per
1090 1409 1249 1450 viscera
1271 1414 1357 1449 toto

360 1468 528 1509 stridere
552 1483 650 1523 apes
674 1474 789 1509 utero
813 1475 854 1510 et
875 1469 1006 1524 ruptis
1031 1469 1226 1511 effervere
1250 1469 1387 1518 costis,

359 1528 647 1582 inmensasque
672 1528 776 1570 trahi
799 1529 950 1579 nubes,
974 1530 1137 1584 iamque
1162 1530 1305 1572 arbore
1330 1545 1490 1572 summa

360 1588 562 1631 confluere
586 1596 627 1630 et
648 1589 769 1631 lentis
794 1606 917 1631 uvam
941 1591 1152 1633 demittere
1175 1591 1314 1632 ramis.

418 1648 556 1705 [Haec
580 1665 703 1706 super
725 1666 915 1692 arvorum
940 1652 1052 1692 cultu
1074 1666 1350 1707 pecorumque
1375 1651 1572 1693 canebam

361 1716 401 1751 et
426 1725 549 1765 super
572 1711 803 1762 arboribus,
830 1711 987 1754 Caesar
1010 1713 1108 1754 dum
1131 1728 1306 1768 magnus
1331 1713 1384 1754 ad
1407 1713 1534 1754 altum

361 1771 549 1814 fulminat
572 1773 813 1828 Euphraten
835 1774 962 1825 bello,
987 1775 1197 1829 victorque
1221 1776 1394 1817 volentis

359 1846 433 1886 per
454 1833 628 1887 populos
653 1834 723 1875 dat
745 1834 850 1884 iura,
876 1836 1066 1889 viamque
1090 1837 1268 1878 adfectat
1294 1835 1488 1891 Olympo.

359 1892 429 1934 illo
452 1892 681 1949 Vergilium
705 1909 770 1935 me
795 1901 975 1950 tempore
999 1897 1129 1939 dulcis
1154 1897 1289 1939 alebat

359 1953 639 2008 Parthenope,
664 1955 808 1997 studiis
833 1956 1044 1998 florentem
1069 1957 1260 2013 ignobilis
1286 1958 1354 2007 oti,

361 2014 540 2055 carmina
563 2016 634 2069 qui
656 2015 735 2057 lusi
757 2022 968 2071 pastorum
992 2019 1209 2072 audaxque
1231 2019 1409 2067 iuventa,

362 2075 521 2130 Tityre,
547 2082 586 2117 te
610 2076 773 2131 patulae
800 2078 929 2120 cecini
954 2079 1030 2121 sub
1055 2080 1232 2135 tegmine
1256 2078 1374 2134 fagi]
