1780 3074
554 276 813 315 AENEIDOS
832 276 931 312 LIB.
951 276 1016 313 lv.

525 677 1061 731 AENEIDOS

599 889 861 928 LIBER
907 888 979 927 IV.

163 1024 225 1067 At
246 1024 390 1080 regina
413 1022 534 1079 gravi
554 1021 796 1064 iamdudum
823 1021 966 1063 saucia
989 1035 1089 1062 cura

106 1087 253 1129 volnus
278 1086 349 1128 alit
374 1085 489 1127 venis
514 1090 556 1126 et
579 1098 703 1126 cacco
727 1083 909 1139 carpitur
931 1083 1031 1139 igni.

106 1149 236 1191 multa
259 1148 337 1190 viri
361 1148 491 1189 virtus
516 1146 672 1197 animo,
698 1145 936 1200 multusque
960 1151 1147 1188 recursat

106 1211 242 1268 gentis
265 1211 418 1261 honos;
443 1209 615 1251 haerent
637 1208 754 1250 infixi
776 1214 943 1264 pectore
966 1208 1105 1250 voltus

106 1272 334 1328 verbaque,
358 1287 436 1314 nec
459 1271 665 1327 placidam
688 1270 885 1313 membris
910 1270 982 1312 dat
1005 1285 1105 1312 cura
1128 1269 1322 1324 quictem.

107 1342 275 1391 postera
296 1333 496 1376 Phoebea
518 1333 722 1375 lustrabat
744 1333 937 1388 lampade
961 1338 1090 1374 terras

106 1398 428 1451 humentemque
453 1410 601 1437 aurora
623 1395 720 1450 polo
745 1395 975 1436 dimoverat
998 1393 1202 1443 umbram,

108 1474 204 1501 cum
229 1459 289 1501 sic
311 1458 552 1499 unanimam
576 1456 811 1511 adloquitur
833 1456 942 1497 male
967 1471 1069 1497 sana
1094 1470 1295 1497 sororem:

110 1521 263 1574 „Anna
287 1536 419 1571 soror,
445 1535 551 1575 quae
575 1534 642 1561 me
667 1534 915 1574 suspensam
937 1518 1145 1560 insomnia
1167 1516 1338 1559 terrent!

108 1584 360 1639 quisnovus
383 1583 452 1624 hic
475 1582 628 1624 nostris
653 1581 855 1623 successit
879 1580 1048 1623 sedibus
1071 1580 1239 1636 hospes,

108 1661 234 1701 quem
259 1660 351 1688 sese
376 1660 446 1687 ore
470 1643 628 1686 ferens!
654 1659 780 1698 quam
803 1643 901 1685 forti
924 1649 1090 1699 pectore
1115 1648 1156 1684 et
1179 1640 1324 1683 armis!

109 1709 232 1751 credo
256 1708 467 1762 equidem,
493 1721 571 1748 nec
594 1721 703 1748 vana
725 1706 848 1756 fides,
874 1720 1008 1762 genus
1034 1719 1127 1747 esse
1151 1705 1335 1746 deorum.

50 1825 54 1828 .
108 1771 336 1827 degeneres
361 1769 520 1811 animos
545 1768 668 1810 timor
691 1768 839 1824 arguit.
863 1767 965 1818 heu,
991 1767 1142 1822 quibus
1166 1766 1235 1808 ille

108 1833 284 1874 iactatus
308 1830 424 1873 satis!
450 1845 556 1886 quae
579 1830 689 1872 bella
713 1830 915 1872 exhausta
938 1829 1131 1872 canebat!

111 1894 147 1936 si
171 1894 272 1936 mihi
297 1909 381 1935 non
405 1893 543 1935 animo
567 1893 698 1935 fixum
720 1893 1006 1947 inmotumque
1030 1893 1205 1943 sederet,

109 1971 163 1999 ne
186 1957 253 1998 cui
276 1971 343 1997 me
366 1955 502 1998 vinclo
526 1955 676 1997 vellem
700 1956 858 1998 sociare
881 1955 1023 2012 iugali,

108 2025 331 2075 postquam
353 2019 511 2074 primus
536 2034 653 2061 amor
675 2019 893 2074 deceptam
916 2026 1048 2061 morte
1071 2018 1239 2069 fefellit3

111 2081 148 2123 si
170 2096 254 2124 non
276 2088 512 2137 pertaesum
535 2081 707 2124 thalami
730 2082 959 2137 taedaeque
983 2082 1148 2133 fuisset,

109 2143 208 2185 huic
231 2145 305 2185 uni
327 2144 471 2186 forsan
491 2144 609 2200 potui
633 2144 902 2187 succumbere
927 2145 1086 2201 culpae.

111 2204 257 2256 Anna,
282 2205 443 2247 fatebor
466 2207 595 2256 enim,
619 2206 760 2248 miseri
783 2212 880 2262 post
903 2206 992 2249 fata
1017 2206 1198 2262 Sychaei

116 2266 306 2322 coniugis
330 2272 372 2308 et
396 2281 562 2321 sparsos
587 2267 768 2309 fraterna
791 2268 918 2310 caede
940 2268 1122 2310 Penates

115 2327 228 2369 solus
253 2327 321 2369 hic
343 2327 502 2369 inflexit
526 2343 693 2379 sensus,
719 2330 985 2384 animumque
1008 2330 1219 2372 labantem

113 2388 274 2444 inpulit.
300 2389 511 2445 adgnosco
534 2390 686 2432 veteris
709 2391 888 2447 vestigia
910 2391 1115 2433 fiammae.

115 2451 191 2493 sed
219 2451 322 2492 mihi
344 2451 412 2493 vel
435 2451 557 2493 tellus
582 2457 721 2507 optem
743 2453 859 2507 prius
883 2453 968 2494 ima
992 2453 1180 2494 dehiscat

113 2513 181 2555 vel
202 2519 321 2569 pater
344 2513 603 2569 omnipotens
628 2514 769 2570 adigat
791 2528 859 2556 me
884 2514 1057 2556 fulmine
1080 2515 1135 2556 ad
1157 2513 1340 2562 umbras,

115 2575 316 2631 pallentes
340 2575 509 2618 umbras
533 2575 663 2617 Erebi
687 2582 935 2630 noctemque
957 2575 1220 2646 profundam,

116 2643 229 2688 ante,
253 2638 407 2693 pudor,
432 2652 558 2692 quam
582 2644 623 2679 te
646 2637 757 2679 violo
782 2644 854 2679 aut
877 2644 949 2679 tua
971 2638 1062 2679 iura
1083 2637 1259 2679 resolvo.

115 2698 184 2740 ille
207 2714 343 2750 meos,
368 2699 527 2755 primus
553 2700 624 2754 qui
647 2714 715 2742 me
740 2699 821 2742 sibi
843 2700 996 2751 iunxit,
1022 2714 1183 2742 amores

117 2759 304 2812 abstulit3
329 2731 398 2804 ille
422 2761 574 2804 habeat
598 2776 740 2804 secum
765 2768 982 2817 servetque
1008 2761 1266 2818 sepulchrof‘

1387 265 1470 307 149

1502 1593 1543 1622 10

1503 1905 1543 1935 15

1502 2215 1544 2245 20
