1820 3080
387 274 469 316 282
788 283 830 316 Ρ.
849 280 1081 317 VERGILH
1097 278 1322 318 MARONIS

386 384 466 425 tela
489 398 612 424 manu
636 382 806 423 iaciunt:
831 381 972 435 quales
998 380 1075 423 sub
1098 380 1277 423 nubibus
1301 382 1398 424 atris

298 457 361 487 265
389 443 645 498 Strymoniae
669 443 768 483 dant
792 441 910 497 signa
932 456 1055 498 grues
1079 448 1201 496 atque
1225 442 1389 484 aethera
1411 448 1570 485 tranant

291 1673 353 1704 ‘285

291 1976 355 2006 290

291 2281 355 2311 295

293 2586 356 2616 300

385 519 479 546 cum
502 503 655 552 sonitu,
680 502 925 558 fugiuntque
948 509 1068 544 notos
1093 503 1269 545 clamore
1294 505 1485 546 secundo.

384 571 425 606 at
447 564 600 606 Rutulo
624 563 712 619 regi
736 563 990 617 ducibusque
1021 578 1070 605 ea
1092 564 1196 606 mira
1217 565 1348 606 videri

382 625 600 674 Ausoniis,
626 625 755 666 donec
779 639 919 666 versas
944 625 998 666 ad
1020 625 1138 666 litora
1159 640 1319 681 puppes

382 686 620 740 respiciunt,
646 692 857 740 totumque
881 685 1017 728 adlabi
1040 686 1241 729 classibus
1265 701 1429 741 aequor.

380 747 495 788 ardet
519 761 624 802 apex
647 747 787 802 capiti,
813 747 1027 800 cristisque
1052 762 1076 788 a
1098 747 1249 789 vertice
1272 748 1437 789 flamma

382 807 564 848 funditur
588 813 627 848 et
650 813 788 849 vastos
812 807 938 849 umbo
961 808 1089 849 vomit
1112 822 1260 850 aureus
1284 809 1412 864 ignis,

381 883 463 910 non
488 883 605 910 secus
630 882 678 910 ac
701 868 855 922 liquida
879 869 914 910 si
939 869 1102 923 quando
1125 875 1244 910 nocte
1269 876 1451 911 cometae

382 930 596 985 sanguinei
619 929 793 985 lugubre
815 929 983 979 rubent,
1008 935 1079 971 aut
1104 928 1237 971 Sirius
1262 931 1394 980 ardor,

380 990 447 1031 ille
472 991 581 1031 sitim
604 990 850 1044 morbosque
879 990 1014 1032 ferens
1038 991 1277 1032 mortalibus
1302 992 1449 1046 aegris,

340 1065 351 1079 ν’
381 1051 561 1092 nascitur
584 1057 624 1092 et
646 1051 764 1092 laevo
789 1051 1000 1092 contristat
1022 1051 1175 1092 lumine
1199 1051 1369 1092 caelum.

436 1111 564 1152 Haud
586 1118 723 1153 tamen
747 1112 893 1153 audaci
916 1112 1057 1153 Turno
1081 1112 1231 1153 fiducia
1254 1113 1379 1154 cessit

380 1173 498 1214 litora
520 1173 754 1228 praecipere
779 1178 819 1214 et
842 1173 1041 1214 venientis
1064 1172 1215 1228 pellere
1239 1178 1357 1214 terra.

383 1235 518 1288 „quod
540 1234 646 1276 votis
671 1235 860 1289 optastis,
886 1235 1021 1284 adest,
1045 1234 1298 1289 perfringere
1322 1235 1475 1275 dextra.

379 1295 423 1336 in
445 1295 633 1337 manibus
657 1295 773 1337 Mars
797 1295 886 1350 ipse
910 1296 1020 1341 viris.
1045 1309 1154 1336 nunc
1178 1295 1365 1350 coniugis
1390 1301 1477 1336 esto

381 1356 553 1410 quisque
578 1371 676 1397 suae
700 1356 877 1409 tectique
900 1370 1074 1405 memor,
1099 1370 1207 1396 nunc
1230 1371 1382 1411 magna
1403 1356 1553 1397 referto

379 1417 506 1466 facta,
530 1422 693 1471 patrum
715 1416 871 1458 laudes.
896 1416 1002 1458 ultro
1026 1431 1287 1458 occurramus
1312 1417 1365 1458 ad
1387 1417 1551 1467 undam,

379 1477 478 1518 dum
501 1477 647 1532 trepidi
670 1477 906 1532 egressique
928 1477 1069 1519 labant
1091 1478 1266 1533 vestigia
1286 1478 1430 1533 prima.

379 1538 565 1579 audentis
590 1538 754 1579 fortuna
775 1538 929 1579 iuvat.“

379 1599 480 1640 haec
504 1599 576 1649 ait,
603 1605 643 1640 et
666 1613 806 1640 secum
830 1604 984 1648 versat,
1009 1613 1112 1653 quos
1137 1599 1286 1641 ducere
1310 1606 1462 1649 contra,

379 1659 444 1701 vel
467 1659 615 1713 quibus
639 1659 830 1701 obsessos
854 1660 986 1715 possit
1009 1660 1251 1702 concredere
1273 1675 1425 1701 muros.

433 1720 596 1761 Interea
618 1718 784 1762 Aeneas
810 1721 943 1762 socios
967 1722 1018 1762 de
1040 1721 1248 1776 puppibus
1273 1721 1364 1763 altis

378 1780 570 1836 pontibus
596 1781 774 1835 exponit.
799 1781 916 1822 multi
941 1796 1102 1823 servare
1125 1797 1314 1824 recursus

378 1842 611 1897 languentis
634 1842 771 1897 pelagi
794 1847 834 1882 et
856 1842 1050 1883 brevibus
1075 1857 1120 1884 se
1145 1844 1308 1885 credere
1333 1843 1450 1894 saltu,

378 1917 452 1957 per
473 1917 607 1944 remos
632 1902 712 1943 alii.
738 1902 971 1957 speculatus
995 1903 1114 1944 litora
1138 1903 1340 1954 Tarchon,

380 1978 462 2017 qua
483 1963 590 2004 vada
611 1978 695 2004 non
719 1963 875 2018 spirant
896 1977 973 2004 nec
996 1964 1126 2005 fracta
1146 1971 1417 2006 remurmurat
1439 1966 1561 2015 unda,

381 2025 454 2065 sed
477 2038 588 2065 mare
611 2024 859 2065 inoffensum
883 2026 1081 2065 crescenti
1104 2025 1307 2066 adlabitur
1329 2031 1456 2075 aestu,

380 2085 552 2126 advertit
575 2084 710 2126 subito
733 2099 914 2140 proram,
941 2085 1154 2138 sociosque
1177 2091 1382 2140 precatur:

371 2160 533 2197 -„nune,
559 2160 583 2187 o
606 2145 712 2187 lecta
734 2161 898 2195 manus,
924 2145 1070 2187 validis
1093 2146 1314 2188 incumbite
1337 2147 1459 2188 remis
1467 2163 1478 2196 3

379 2206 524 2256 tollite,
549 2206 651 2248 ferte
674 2211 801 2256 rates,
826 2206 1034 2248 inimicam
1057 2206 1197 2248 findite
1219 2207 1361 2248 rostris

379 2268 485 2309 hanc
508 2273 674 2318 terram,
701 2267 940 2322 sulcumque
965 2267 1044 2309 sibi
1065 2273 1224 2323 premat
1245 2268 1336 2323 ipsa
1359 2268 1506 2310 carina.

378 2329 566 2385 frangere
589 2343 666 2370 nec
689 2329 759 2370 tali
781 2330 953 2384 puppim
977 2329 1148 2371 statione
1171 2344 1329 2379 recuso,

379 2395 540 2445 arrepta
562 2390 704 2431 tellure
728 2391 894 2432 semel.“
920 2405 1025 2444 quae
1049 2390 1146 2432 talia
1167 2396 1386 2445 postquam

380 2452 527 2492 effatus
551 2450 761 2502 Tarchon,
787 2452 887 2494 socii
910 2466 1155 2507 consurgere
1178 2452 1308 2494 tonsis

381 2517 698 2567 spumantesque
720 2518 828 2554 rates
853 2513 961 2554 arvis
985 2513 1134 2554 inferre
1157 2513 1333 2562 Latinis,

380 2573 510 2614 donec
531 2578 663 2614 rostra
686 2578 824 2615 tenent
847 2574 1002 2616 siccum
1025 2579 1065 2615 et
1089 2574 1230 2615 sedere
1253 2573 1413 2615 carinae

381 2647 522 2674 omnes
546 2633 757 2676 innocuae.
783 2634 856 2677 sed
878 2649 962 2676 non
983 2635 1133 2690 puppis
1157 2640 1245 2684 tua,
1270 2633 1470 2675 Tarchon.

380 2708 556 2748 namque
578 2694 732 2736 inflicta
755 2696 870 2737 vadis
894 2696 1015 2738 dorso
1038 2696 1136 2737 dum
1159 2695 1308 2751 pendet
1330 2694 1480 2747 iniquo,
