1820 3054
372 267 455 308 374

775 273 815 305 P.
835 268 1065 306 VERGILII
1083 266 1308 302 MARONIS

722 617 1360 673 CATALEOTA.

648 734 677 742 ᾳ

1024 767 1058 808 Ι.

482 847 623 898 Delia,
649 846 808 897 Tucca,
834 845 907 888 tibi
930 845 1060 895 venit3
1086 845 1160 886 sed
1184 858 1306 899 saepe
1330 844 1468 885 videre

586 922 670 949 non
691 908 805 950 licet:
830 907 1029 949 occulitur
1051 906 1190 947 limine
1215 905 1355 947 clausa
1378 905 1466 946 viri.

480 969 605 1011 Delia
629 983 751 1024 saepe
775 969 867 1018 tibi,
891 983 974 1011 non
996 968 1108 1009 venit
1131 967 1265 1009 adhuc
1288 966 1406 1008 mihi:
1431 980 1608 1019 namque

537 1030 573 1072 si
596 1030 810 1079 occulitur,
835 1030 958 1085 longe
983 1035 1062 1078 est,
1088 1034 1255 1084 tangere
1279 1027 1390 1082 quod
1412 1041 1605 1080 nequeas.

480 1091 637 1133 venerit
658 1091 730 1132 ina
751 1089 844 1132 tibit
870 1091 943 1132 sed
966 1090 1048 1131 iam
1071 1089 1154 1130 iam
1176 1088 1277 1129 mihi
1299 1088 1466 1130 nuntius
1489 1088 1567 1129 iste

537 1152 637 1206 quid
659 1151 850 1207 prodest?
872 1151 930 1192 illi
954 1151 1097 1200 dicito,
1122 1164 1226 1204 quae
1251 1149 1387 1191 rediit!

1012 1262 1070 1302 ΙΙ.

539 1339 844 1382 Corinthiorum
867 1344 1025 1380 amator
1046 1339 1123 1380 iste
1148 1337 1379 1387 verborum,

483 1400 747 1455 Thucydides
771 1399 1013 1449 Britannus,
1037 1398 1177 1440 Attice
1201 1398 1340 1448 febris,

482 1467 554 1502 tau
577 1458 802 1510 Gallicum,
826 1460 929 1510 min,
956 1459 1013 1510 al,
1039 1460 1089 1501 sil
1112 1465 1157 1500 ut
1179 1460 1285 1500 male
1310 1459 1428 1510 elisit,

484 1522 541 1563 ita
570 1521 707 1563 omnia
729 1521 809 1582 ista
831 1521 958 1563 verba
981 1521 1146 1562 miscuit
1168 1520 1294 1562 fratri.

1003 1632 1083 1673 III.

541 1709 687 1760 Socer,
712 1709 831 1752 beate
855 1724 932 1752 nec
955 1709 1029 1752 tibi
1052 1724 1128 1751 nec
1151 1710 1278 1759 alteri,

481 1786 687 1827 generque
710 1770 931 1822 Noctuine,
955 1771 1144 1826 putidum
1168 1777 1302 1826 caput,

482 1839 605 1875 tuone
629 1847 738 1875 nunc
759 1833 897 1888 puella
919 1833 1031 1882 talis,
1056 1833 1137 1875 heu
1160 1839 1231 1875 tuo

483 1900 647 1948 stupore
671 1908 815 1948 pressa
835 1909 905 1935 rus
930 1893 1083 1935 abibit?
1104 1894 1173 1935 hei
1195 1893 1312 1935 mihi!

481 1960 527 1995 ut
549 1955 617 1995 ille
641 1969 784 1997 versus
808 1969 1103 2008 usquequaque
1125 1955 1317 2010 pertinet:

484 2029 636 2070 „gener
659 2029 873 2068 socerque,
899 2015 1133 2070 perdidistis
1157 2016 1335 2057 omnia.“

1005 2125 1082 2166 IV.

540 2201 728 2258 Superbe
750 2202 970 2252 Noctuine,
995 2203 1183 2257 putidum
1207 2210 1341 2258 caput,

484 2264 604 2305 datur
627 2263 701 2305 tibi
722 2264 877 2318 puella,
903 2278 1027 2317 quam
1050 2265 1174 2318 petis,
1200 2265 1337 2314 datur3

485 2325 622 2375 datur,
649 2324 824 2380 superbe
847 2324 1068 2374 Noctuine,
1093 2339 1217 2379 quam
1240 2325 1358 2380 petis.

485 2387 576 2436 sed,
602 2401 627 2428 o
652 2386 827 2441 superbe
850 2385 1070 2436 Noctuine,
1095 2401 1177 2428 non
1200 2386 1315 2428 vides

485 2447 588 2489 duas
612 2447 762 2488 habere
786 2447 891 2488 filias
914 2445 1103 2497 Atilium,

484 2508 607 2558 duas,
633 2514 673 2549 et
696 2508 802 2549 hanc
826 2514 867 2549 et
889 2508 1075 2558 alteram,
1102 2507 1175 2549 tibi
1198 2509 1298 2549 dari.

485 2569 625 2610 adeste
648 2583 775 2619 nunc,
801 2569 960 2611 adeste:
985 2569 1115 2619 ducit,
1140 2575 1186 2610 ut
1209 2570 1336 2619 decet,

485 2629 706 2684 superbus,
732 2645 845 2680 ecce,
870 2630 1097 2672 Noctuinus
1122 2631 1318 2672 hirneam.

485 2690 698 2733 thalassio!
723 2691 917 2733 thalassio
927 2691 936 2732 Σ
962 2691 1175 2733 thalassio!
