1820 3080
361 312 446 354 284
764 319 808 353 P.
826 316 1057 354 VERGILII
1073 314 1299 353 MARONIS

360 420 536 464 Aenean
557 419 689 475 petiit3
716 418 788 460 sed
811 432 893 459 non
916 423 957 458 et
978 417 1104 472 figere
1128 422 1268 458 contra

362 488 424 523 est
445 480 620 528 licitum,
644 478 864 533 magnique
887 477 1022 518 femur
1042 477 1278 532 perstrinxit
1299 475 1499 520 Achatae.

360 541 427 582 hic
452 539 648 588 Curibus,
674 538 803 580 fidens
827 538 1036 593 primaevo
1060 552 1246 593 corpore,
1273 536 1450 580 Clausus

274 615 336 645 325
361 600 524 643 advenit
547 605 588 641 et
609 599 742 655 rigida
764 599 978 654 Dryopem
1001 598 1095 640 ferit
1118 598 1276 640 eminus
1300 598 1419 640 hasta

361 661 436 703 sub
460 666 643 701 mentum
665 659 843 716 graviter
864 674 1026 714 pressa,
1050 659 1281 714 pariterque
1303 658 1507 713 loquentis

360 736 503 763 vocem
527 721 785 774 animamque
808 721 915 775 rapit
937 720 1104 762 traiecto
1128 725 1311 775 gutture,
1336 726 1379 761 at
1400 720 1468 761 ille

359 783 492 824 fronte
515 782 609 824 ferit
632 788 780 823 terram
804 788 845 823 et
868 796 1051 823 crassum
1074 781 1201 823 vomit
1224 795 1294 822 ore
1318 795 1515 823 cruorem.

360 850 442 886 tres
467 858 630 898 quoque
654 843 866 885 Threicios
891 843 1049 884 Boreae
1073 843 1124 884 de
1147 849 1270 898 gente
1294 857 1485 897 suprema

273 919 336 949 350
361 911 401 946 et
423 905 514 954 tris,
539 919 642 958 quos
665 904 763 945 Idas
786 910 902 959 pater
925 910 965 946 et
986 904 1117 959 patria
1139 903 1298 944 Ismara
1321 903 1455 954 mittit,

358 981 432 1021 per
454 966 587 1007 varios
613 966 755 1007 sternit
778 980 912 1007 casus.
937 965 1110 1007 accurrit
1132 964 1340 1006 Halaesus

358 1026 661 1080 Auruncaeque
684 1041 850 1076 manus,
877 1025 986 1068 subit
1009 1032 1049 1067 et
1071 1025 1277 1080 Neptunia
1299 1025 1448 1080 proles,

361 1088 534 1143 insignis
558 1087 781 1141 Messapus
807 1087 935 1140 equis.
961 1087 1162 1141 expellere
1186 1087 1357 1127 tendunt

359 1163 468 1189 nunc
490 1148 551 1198 hi,
575 1162 684 1189 nunc
706 1148 765 1188 illi
772 1165 783 1198 3
809 1154 984 1188 certatur
1005 1147 1144 1188 limine
1167 1148 1211 1188 in
1233 1147 1323 1202 ipso

273 1221 336 1252 355
359 1208 584 1250 Ausoniae.
608 1223 759 1263 magno
784 1209 991 1250 discordes
1016 1208 1179 1249 aethere
1202 1209 1314 1249 venti

359 1270 514 1324 proelia
537 1283 614 1310 ceu
635 1269 782 1310 tollunt
805 1269 950 1310 animis
975 1275 1016 1310 et
1038 1268 1193 1310 viribus
1218 1269 1378 1322 aequis3

359 1345 442 1371 non
464 1330 544 1385 ipsi
566 1330 671 1371 inter
695 1344 757 1379 se,
782 1344 864 1370 non
886 1329 1044 1378 nubila,
1069 1344 1152 1370 non
1174 1344 1286 1370 mare
1310 1330 1435 1379 cedit3

362 1405 512 1445 anceps
535 1405 676 1446 pugna
699 1391 786 1439 diu,
813 1396 922 1431 stant
945 1390 1096 1431 obnixa
1119 1390 1256 1431 omnia
1278 1396 1435 1431 contra:

361 1451 472 1492 haud
495 1452 610 1492 aliter
634 1451 836 1492 Troianae
859 1451 968 1492 acies
993 1451 1182 1504 aciesque
1205 1451 1380 1492 Latinae

274 1526 337 1556 360
362 1518 622 1562 concurrunt,
647 1513 787 1554 haeret
809 1513 914 1567 pede
937 1526 1011 1567 pes
1035 1513 1266 1566 densusque
1290 1512 1377 1554 viro
1401 1512 1473 1553 vir.

416 1573 477 1615 At
499 1580 613 1629 parte
637 1589 689 1615 ex
712 1574 809 1624 alia,
835 1589 917 1628 qua
942 1589 1042 1615 saxa
1064 1574 1238 1615 rotantia
1260 1573 1341 1615 late

359 1635 562 1690 inpulerat
585 1641 741 1677 torrens
766 1635 1014 1688 arbustaque
1039 1634 1173 1676 diruta
1194 1635 1306 1689 ripis,

359 1696 566 1746 Arcadas,
590 1697 772 1738 insuetos
797 1696 904 1738 acies
928 1695 1077 1737 inferre
1100 1695 1323 1750 pedestres,

359 1764 406 1798 ut
428 1757 530 1799 vidit
552 1757 691 1798 Pallas
716 1757 839 1799 Latio
863 1758 960 1798 dare
984 1763 1100 1812 terga
1123 1757 1306 1810 sequaci,
1332 1781 1386 1787 —

274 1830 336 1861 365
361 1832 507 1872 aspera
530 1818 621 1871 quis
645 1824 790 1859 natura
811 1818 892 1859 loci
914 1818 1115 1859 dimittere
1139 1818 1303 1871 quando

362 1879 491 1920 suasit
514 1893 659 1932 equos,
685 1903 739 1908 —-
762 1893 891 1919 unum
915 1879 1024 1932 quod
1046 1878 1169 1920 rebus
1192 1885 1319 1920 restat
1342 1880 1496 1935 egenis,

361 1954 470 1981 nunc
493 1953 632 1994 prece,
657 1953 766 1980 nunc
789 1939 908 1981 dictis
932 1939 1124 1981 virtutem
1147 1939 1332 1982 accendit
1355 1941 1523 1982 amaris:

363 2014 470 2053 „quo
495 2000 656 2055 fugitis,
683 2000 807 2041 socii?
829 2014 904 2054 per
926 2015 1000 2042 vos
1025 2006 1066 2041 et
1088 2001 1209 2042 fortia
1232 2001 1352 2051 facta,

360 2075 434 2115 per
456 2060 570 2101 ducis
593 2060 780 2101 Euandri
801 2075 952 2102 nomen
974 2061 1214 2115 devictaque
1237 2061 1345 2103 bella

276 2134 339 2164 370
365 2135 560 2175 spemque
584 2136 735 2170 meam,
760 2121 915 2176 patriae
939 2135 1044 2175 quae
1067 2136 1176 2163 nunc
1201 2117 1311 2163 subit
1333 2121 1494 2162 aemula
1516 2121 1640 2171 laudi,

361 2182 472 2223 fidite
495 2197 547 2224 ne
569 2182 756 2238 pedibus.
781 2182 889 2224 ferro
912 2183 1139 2237 rumpenda
1161 2197 1236 2237 per
1256 2183 1385 2224 hostis

362 2250 424 2284 est
447 2244 525 2285 via.
550 2258 632 2297 qua
654 2243 802 2299 globus
827 2244 894 2285 ille
917 2244 1050 2284 virum
1074 2243 1341 2285 densissimus
1365 2249 1525 2298 urguet,

361 2304 439 2346 hac
462 2319 536 2346 vos
561 2311 601 2346 et
623 2304 812 2346 Pallanta
835 2305 982 2346 ducem
1004 2305 1136 2360 patria
1159 2305 1241 2347 alta
1262 2305 1452 2361 reposcit.

360 2366 528 2407 numina
550 2365 663 2407 nulla
684 2372 874 2421 premunt
881 2382 892 2417 ;
916 2366 1077 2408 mortali
1099 2381 1322 2422 urguemur
1344 2365 1396 2407 ab
1419 2366 1536 2407 hoste

275 2439 338 2470 375
362 2427 572 2477 mortales3
597 2427 766 2468 totidem
788 2427 908 2469 nobis
933 2428 1172 2481 animaeque
1196 2441 1436 2481 manusque.

363 2502 474 2538 ecce,
500 2488 623 2530 maris
647 2503 798 2544 magna
821 2489 973 2530 claudit
995 2503 1070 2530 nos
1094 2488 1210 2530 obice
1233 2494 1403 2543 pontus;

362 2549 477 2590 deest
499 2549 581 2590 iam
606 2554 711 2590 terra
734 2549 876 2605 fugae:
899 2549 1071 2604 pelagus
1096 2549 1314 2590 Troiamne
1336 2547 1578 2603 petemus?“

361 2609 464 2650 haec
488 2610 544 2651 ait
567 2615 608 2651 et
629 2610 789 2651 medius
814 2610 963 2651 densos
986 2610 1212 2665 prorumpit
1234 2610 1278 2650 in
1299 2608 1440 2650 hostis.

363 2669 507 2711 obvius
531 2670 627 2711 huic
649 2671 844 2725 primum,
870 2671 965 2712 fatis
989 2671 1189 2712 adductus
1212 2669 1375 2723 iniquis,

276 2743 339 2774 380
364 2730 408 2771 fit
430 2731 576 2786 Lagus
584 2747 595 2782 3
619 2731 747 2782 hunc,
772 2747 922 2787 magno
946 2732 1058 2774 vellit
1081 2732 1180 2773 dum
1201 2730 1380 2786 pondere
1405 2744 1562 2779 saxum,
