1780 3074
594 272 853 310 AENEIDOS
872 271 968 308 LIB.
979 272 1046 310 VI.
1290 283 1295 286 ’
1424 261 1507 304 193

135 381 194 422 ire
218 378 272 422 ad
295 384 566 435 conspectum
591 378 676 420 cari
698 377 898 434 genitoris
924 384 965 419 et
989 391 1062 419 ora

135 441 367 498 contingat3
391 441 542 483 doceas
567 440 646 482 iter
669 446 710 482 et
735 454 854 482 saera
877 439 984 482 ostia
1005 438 1180 495 pandas.

134 503 251 546 illum
275 518 354 560 ego
378 518 453 559 per
474 502 664 544 flammas
690 508 731 544 et
754 501 867 544 mille
893 501 1110 556 sequentia
1134 500 1216 543 tela
1534 514 1597 545 110

135 565 267 622 eripui
289 565 356 608 his
380 564 583 615 humeris,
608 563 829 619 medioque
854 578 907 606 ex
930 563 1051 606 hoste
1076 563 1213 619 recepi
1220 579 1232 614 ;

134 628 203 671 ille
227 643 368 670 meum
393 628 613 670 comitatus
637 627 715 668 iter
738 626 869 668 maria
893 626 1034 668 omnia
1056 641 1222 668 mecum

135 697 258 746 atque
283 690 417 733 omnis
441 690 664 746 pelagique
687 688 822 730 minas
848 688 1035 744 caelique
1058 688 1231 740 ferebat,

133 753 361 804 invalidus,
386 753 497 794 vires
521 752 630 793 ultra
654 757 891 805 sortemque
916 757 1120 794 senectae.

134 815 254 870 quin,
279 821 326 857 ut
349 820 390 856 te
414 813 592 869 supplex
613 819 799 869 peterem
823 819 865 855 et
888 818 961 855 tua
982 813 1128 855 limina
1151 812 1322 864 adirem,
1534 826 1596 856 115
1665 867 1669 870 ἡ

133 877 245 919 idem
268 891 391 919 orans
415 876 612 917 mandata
635 874 772 917 dabat.
798 875 998 931 gnatique
1020 875 1248 931 patrisque,

133 939 260 990 alma,
284 952 450 995 precor,
475 937 690 988 miserere,
717 962 772 968 ——
795 943 916 993 potes
940 952 1121 992 namque
1146 937 1304 989 omnia,
1330 951 1407 979 nec
1431 944 1471 979 te

135 1001 390 1056 nequiquam
412 1000 517 1043 lucis
542 1000 706 1043 Hecate
728 1000 930 1056 praefecit
953 999 1157 1051 Avernis3
1182 1026 1237 1031 —-

132 1063 168 1104 si
191 1063 325 1119 potuit
347 1063 482 1105 manis
507 1077 719 1105 accersere
744 1062 935 1119 coniugis
962 1061 1160 1118 Orpheus

132 1125 326 1168 Threicia
349 1125 480 1167 fretus
505 1125 664 1167 cithara
686 1124 926 1180 fidibusque
951 1124 1127 1176 canoris,
1534 1137 1597 1168 120

134 1188 170 1230 si
192 1187 363 1230 fratrem
385 1187 540 1230 Pollux
563 1187 722 1230 alterna
745 1194 877 1230 morte
900 1188 1087 1239 redemit,

132 1250 246 1305 itque
269 1250 458 1304 reditque
482 1250 593 1292 viam
618 1250 783 1292 totiens.
808 1250 911 1305 quid
934 1250 1119 1301 Thesea,
1145 1265 1346 1306 magnum

134 1312 236 1367 quid
258 1326 486 1355 memorem
508 1311 714 1354 Alciden?
738 1318 779 1354 et
802 1312 860 1354 mi
883 1327 1017 1369 genus
1042 1312 1095 1355 ab
1119 1313 1222 1355 Iove
1248 1314 1452 1355 summo.“

191 1373 366 1417 Talibus
391 1374 536 1417 orabat
559 1375 681 1417 dictis
705 1389 882 1430 arasque
906 1374 1087 1426 tenebat,
1163 1368 1166 1373 ⁴

134 1451 232 1479 cum
256 1436 316 1478 sic
340 1451 436 1479 orsa
457 1436 572 1491 loqui
596 1442 732 1479 vates:
761 1442 875 1488 „sate
901 1437 1103 1493 sanguine
1127 1437 1281 1487 divom,
1337 1435 1339 1437 ’
1534 1450 1597 1480 125

134 1499 242 1541 Tros
266 1497 546 1554 Anchisiada,
572 1498 708 1541 facilis
734 1499 961 1541 descensus
985 1498 1178 1550 Avern03

132 1566 276 1604 noctes
301 1567 426 1616 atque
451 1561 540 1604 dies
563 1567 680 1617 patet
703 1561 781 1604 atri
803 1562 931 1604 ianua
953 1561 1068 1603 Ditis
1076 1578 1088 1613 3

135 1624 211 1666 sed
232 1638 428 1666 revocare
452 1624 630 1681 gradum
655 1639 911 1680 superasque
941 1624 1117 1666 evadere
1142 1624 1196 1666 ad
1219 1639 1356 1674 auras,

133 1686 215 1728 hoc
238 1700 365 1742 opus,
389 1686 458 1728 hic
481 1686 600 1729 labor
622 1693 698 1729 est.
722 1687 865 1742 pauci,
891 1701 997 1742 quos
1023 1701 1182 1741 aequus
1207 1687 1363 1728 amavit

135 1748 325 1804 Iuppiter
348 1754 420 1790 aut
443 1749 592 1791 ardens
617 1749 757 1791 evexit
780 1749 834 1791 ad
858 1748 1026 1791 aethera
1050 1749 1196 1799 virtus,
1535 1760 1598 1790 130

136 1810 200 1852 dis
225 1810 356 1867 geniti
377 1816 563 1866 potuere.
589 1817 729 1852 tenent
753 1811 891 1853 media
914 1811 1054 1854 omnia
1078 1811 1220 1861 silvae,
1579 1820 1582 1822 “

138 1871 408 1928 Cocytosque
434 1873 528 1915 sinu
550 1872 696 1915 labens
721 1873 992 1916 circumvenit
1016 1879 1118 1916 atro.

135 1935 248 1990 quod
272 1935 308 1976 si
331 1941 470 1978 tantus
495 1950 612 1978 amor
634 1936 780 1986 menti,
807 1936 843 1978 si
867 1942 982 1978 tanta
1005 1936 1157 1992 cupido

136 1996 201 2039 bis
227 1995 400 2054 Stygios
424 1998 568 2040 innare
591 1997 728 2049 lacus,
753 1997 819 2041 bis
843 1999 963 2055 nigra
986 1998 1129 2041 videre

138 2058 314 2101 Tartara
336 2065 378 2101 et
400 2059 548 2103 insano
571 2060 688 2103 iuvat
710 2061 927 2118 indulgere
950 2060 1095 2112 labori,
1534 2071 1598 2102 135

136 2121 278 2177 accipe
300 2135 407 2176 quae
429 2123 669 2180 peragenda
691 2124 820 2179 prius.
845 2124 947 2167 latet
970 2124 1115 2167 arbore
1140 2139 1273 2180 opaca

138 2197 287 2225 aureus
312 2189 354 2224 et
375 2183 486 2227 foliis
511 2191 553 2226 et
575 2185 686 2227 lento
709 2185 864 2228 vimine
886 2201 1043 2237 ramus,

137 2244 291 2286 Iunoni
312 2244 500 2288 infernae
524 2246 660 2289 dictus
686 2261 822 2298 sacer3
846 2247 959 2290 hunc
982 2248 1086 2305 tegit
1109 2248 1245 2290 omnis

138 2304 258 2347 lucus
283 2311 325 2347 et
347 2305 536 2349 obscuris
562 2308 761 2350 claudunt
785 2310 1043 2352 convallibus
1067 2309 1253 2352 umbrae.

141 2366 216 2408 sed
238 2381 323 2408 non
346 2373 441 2409 ante
465 2368 587 2410 datur
610 2369 766 2411 telluris
791 2377 935 2425 operta
959 2371 1111 2421 subire,
1535 2383 1599 2413 140

141 2427 373 2470 auricomos
398 2443 524 2483 quam
548 2430 620 2484 qui
644 2430 897 2486 decerpserit
920 2432 1067 2474 arbore
1090 2433 1214 2474 fetus.

139 2489 220 2531 hoc
244 2489 324 2532 sibi
346 2491 521 2546 pulchra
545 2507 668 2533 suum
692 2492 791 2534 ferri
813 2492 1066 2549 Proserpina
1088 2509 1240 2536 munus

139 2551 329 2595 instituit.
353 2553 488 2609 primo
513 2553 657 2596 avolso
682 2569 767 2596 non
790 2554 929 2597 deficit
952 2556 1056 2598 alter

141 2629 290 2657 aureus
316 2621 357 2657 et
381 2615 526 2658 similis
551 2615 778 2659 frondescit
799 2617 919 2674 virga
941 2617 1121 2660 metallo·

141 2690 242 2732 ergo
265 2677 346 2719 alte
369 2678 533 2734 vestiga
556 2677 686 2720 oculis
711 2684 753 2720 et
773 2678 850 2721 rite
873 2686 1083 2736 repertum
1283 2710 1286 2713 -
1534 2692 1598 2724 145

143 2751 264 2794 carpe
286 2754 414 2782 manu
421 2756 432 2791 ;
458 2754 638 2795 namque
661 2739 751 2796 ipse
775 2740 921 2784 volens
946 2741 1163 2797 facilisque
1188 2748 1397 2796 sequetur,
1576 2756 1578 2758 ’

217 2816 367 2851 Ver-ymas.
1227 2815 1246 2849 1
1254 2815 1277 2850 3
