1820 3080
337 273 418 315 318
735 281 777 314 P.
798 278 1027 314 VERGILII
1044 277 1268 315 MARONIS

335 382 581 434 arrectisque
603 381 740 421 horret
764 379 945 432 squamis
971 386 1012 420 et
1035 379 1171 420 sibilat
1194 393 1263 420 ore

250 457 311 486 755
335 443 484 483 arduus
508 442 722 496 insurgens
730 456 741 490 3
765 440 835 480 illa
858 439 968 480 haud
991 439 1125 481 minus
1149 445 1298 495 urguet
1321 440 1480 482 obunco

333 503 553 543 luctantem
576 507 725 550 rostro,
752 500 872 541 simul
897 499 1062 541 aethera
1083 500 1270 542 verberat
1293 500 1386 542 alis:

332 562 443 603 haud
466 562 580 602 aliter
602 561 796 616 praedam
821 560 1038 602 Tiburtum
1063 575 1114 602 ex
1138 561 1300 617 agmine
1325 561 1515 602 Tarchon

331 629 464 677 portat
486 636 624 663 ovans.
650 622 766 663 ducis
791 621 1025 676 exemplum
1048 628 1322 676 eventumque
1347 623 1476 664 secuti

330 683 575 725 Maeonidae
597 683 818 724 incurrunt.
843 689 930 723 tum
954 683 1049 724 fatis
1074 683 1236 725 debitus
1258 682 1420 724 Arruns

246 757 307 787 760
331 744 512 786 velocem
535 744 667 786 iaculo
691 750 731 786 et
753 744 883 785 multa
904 744 1014 799 prior
1038 751 1123 786 arte
1148 744 1366 786 Camillam

330 805 471 846 circuit
494 811 534 846 et
556 819 662 859 quae
685 806 737 847 sit
760 805 924 847 fortuna
946 805 1140 847 facillima
1163 811 1344 860 temptat.

330 880 412 919 qua
434 880 479 908 se
502 880 676 920 cumque
699 866 838 908 furens
862 867 997 908 medio
1021 866 1112 907 tulit
1134 867 1296 922 agmine
1320 867 1447 922 virgo,

328 927 406 969 hac
428 926 589 970 Arruns
614 927 724 970 subit
747 934 788 970 et
810 928 956 970 tacitus
981 928 1156 984 vestigia
1177 928 1341 978 lustrat3

329 1003 410 1042 qua
432 988 578 1030 victrix
599 989 704 1030 redit
725 989 795 1030 illa
817 989 1045 1043 pedemque
1069 1003 1121 1031 ex
1143 988 1260 1030 hoste
1282 995 1472 1043 reportat,

243 1062 305 1093 765
329 1049 406 1091 hac
428 1049 586 1091 iuvenis
611 1049 750 1091 furtim
774 1050 915 1091 celeris
939 1050 1154 1104 detorquet
1175 1049 1368 1092 habenas.

329 1110 404 1152 hos
429 1110 580 1160 aditus,
606 1110 769 1164 iamque
792 1110 868 1152 hos
892 1111 1044 1160 aditus,
1069 1125 1311 1164 omnemque
1334 1118 1514 1165 pererrat

328 1171 508 1225 undique
532 1171 743 1213 circuitum
767 1178 807 1213 et
829 1178 981 1213 certam
1005 1172 1135 1224 quatit
1157 1171 1354 1226 inprobus
1377 1172 1550 1214 hastam.

329 1232 433 1273 forte
458 1246 572 1273 sacer
597 1231 754 1286 Cybelo
781 1231 966 1273 Choreus
991 1233 1167 1285 olimque
1192 1233 1381 1274 sacerdos

328 1292 501 1348 insignis
524 1293 646 1347 longe
669 1292 863 1347 Phrygiis
887 1293 1074 1347 fulgebat
1095 1293 1138 1333 in
1162 1292 1297 1342 armis,

244 1365 306 1395 770
331 1358 668 1407 spumantemque
693 1352 876 1407 agitabat
899 1367 1068 1406 equum,
1093 1366 1215 1406 quem
1238 1353 1355 1407 pellis
1380 1354 1492 1396 aenis

328 1414 371 1454 in
395 1413 574 1468 plumam
600 1413 780 1466 squamis
805 1428 903 1455 auro
928 1419 1115 1454 conserta
1138 1413 1313 1469 tegebat.

328 1475 417 1528 ipse
440 1474 654 1529 peregrina
676 1474 883 1529 ferrugine
907 1473 1040 1515 clarus
1066 1480 1106 1515 et
1129 1480 1238 1516 ostro

330 1534 487 1588 spicula
508 1534 724 1588 torquebat
745 1535 880 1590 Lycio
905 1533 1106 1590 Gortynia
1130 1549 1275 1586 cornu;

329 1611 476 1637 aureus
501 1610 553 1637 ex
575 1596 755 1638 humeris
779 1602 865 1638 erat
887 1611 1006 1639 arcus
1030 1602 1070 1638 et
1093 1611 1216 1638 aurea
1238 1597 1323 1637 vati

243 1670 305 1700 τῖε)
329 1657 509 1707 cassida3
533 1664 621 1698 tum
645 1671 829 1699 croceam
853 1658 1191 1712 chlamydemque
1216 1658 1410 1712 sinusque
1435 1659 1635 1712 crepantis

329 1718 545 1759 carbaseos
570 1718 683 1760 fulvo
706 1719 750 1759 in
772 1720 926 1760 nodum
951 1719 1169 1775 collegerat
1192 1734 1302 1768 auro,

328 1780 461 1833 pictus
486 1793 563 1820 acu
586 1780 745 1821 tunicas
771 1786 811 1821 et
835 1779 1008 1822 barbara
1031 1780 1211 1835 tegmina
1235 1794 1409 1821 crurum.

328 1839 438 1880 hunc
459 1840 594 1894 virgo,
621 1839 707 1881 sive
730 1846 776 1881 ut
798 1841 959 1895 templis
983 1841 1223 1896 praefigeret
1248 1855 1360 1882 arma

330 1899 471 1948 Troia,
496 1900 656 1953 captivo
683 1900 769 1941 sive
792 1906 839 1941 ut
862 1915 906 1942 se
929 1900 1053 1942 ferret
1076 1901 1118 1942 in
1141 1916 1253 1951 auro,

243 1972 306 2003 780
329 1960 515 2001 venatrix
537 1974 664 2000 unum
688 1975 740 2001 ex
763 1962 872 2001 omni
898 1962 1116 2003 certamine
1139 1976 1303 2017 pugnae

329 2034 452 2061 caeca
475 2018 738 2072 sequebatur,
763 2026 973 2074 totumque
996 2021 1158 2062 incauta
1181 2036 1253 2076 per
1276 2035 1425 2076 agmen

329 2080 504 2122 femineo
527 2080 702 2135 praedae
726 2086 767 2122 et
790 2081 1009 2136 spoliorum
1033 2081 1202 2123 ardebat
1224 2096 1372 2130 amore,

329 2141 455 2182 telum
479 2156 530 2182 ex
553 2141 711 2182 insidiis
735 2156 830 2183 cum
852 2142 1016 2183 tandem
1040 2148 1222 2197 tempore
1246 2149 1363 2197 capto

330 2202 504 2244 concitat
527 2208 567 2244 et
591 2216 760 2258 superos
783 2201 943 2244 Arruns
970 2203 1028 2244 sic
1051 2217 1152 2244 voce
1174 2210 1378 2257 precatur:

243 2275 307 2307 785
333 2277 516 2315 „summe
541 2264 681 2313 deum,
708 2263 837 2304 sancti
861 2269 998 2305 custos
1026 2261 1206 2305 Soractis
1230 2263 1395 2318 Apollo,

329 2338 451 2378 quem
474 2324 594 2379 primi
618 2323 807 2373 colimus,
832 2324 898 2365 cui
920 2324 1064 2378 pineus
1088 2325 1208 2366 ardor
1230 2338 1376 2366 acervo

329 2386 509 2440 pascitur
532 2392 573 2427 et
595 2385 775 2427 medium
798 2385 891 2426 freti
913 2385 1062 2440 pietate
1086 2400 1159 2440 per
1180 2386 1319 2442 ignem

332 2447 505 2489 cultores
529 2446 658 2488 multa
679 2446 901 2501 premimus
925 2446 1099 2502 vestigia
1121 2461 1264 2502 pruna,

331 2509 402 2558 da,
425 2514 558 2563 pater,
583 2507 661 2549 hoc
684 2506 833 2549 nostris
857 2507 1011 2549 aboleri
1034 2508 1212 2549 dedecus
1236 2508 1372 2557 armis,

246 2584 308 2614 790
332 2570 598 2624 omnipotens.
623 2582 707 2609 non
730 2568 899 2610 exuvias
922 2568 1118 2623 pulsaeve
1141 2574 1353 2624 tropaeum

331 2630 499 2686 virginis
523 2635 594 2671 aut
617 2629 748 2684 spolia
770 2629 855 2671 ulla
875 2635 990 2684 peto,
1013 2629 1114 2670 mihi
1137 2637 1271 2671 cetera
1295 2629 1455 2670 laudem

332 2691 440 2733 facta
462 2691 611 2740 ferent3
636 2691 737 2732 haec
760 2691 848 2731 dira
871 2704 963 2732 meo
987 2691 1085 2731 dum
1108 2691 1273 2731 volnere
1294 2688 1422 2744 pestis
