1794 3048
362 290 443 332 106
759 301 802 334 Ρ.
823 299 1054 335 VERGILII
1071 298 1294 337 MARONIS

272 413 336 443 650
360 405 526 442 ornatus
549 398 733 454 Argivae
757 398 961 450 Helenae,
987 414 1090 453 quos
1114 399 1184 441 illa
1205 399 1409 455 Mycenis,

360 460 566 515 Pergama
589 473 682 500 cum
704 464 861 513 peteret
883 459 1226 513 inconcessosque
1249 461 1508 515 hymenaeos,

361 520 575 568 extulerat,
601 519 740 560 matris
765 519 908 560 Ledae
931 520 1115 562 mirabile
1139 521 1310 571 donum;

357 585 567 635 praeterea
592 584 814 633 sceptrum,
839 579 969 621 Ilione
993 581 1104 634 quod
1125 587 1310 637 gesserat
1334 582 1442 632 olim,

357 640 536 681 maxima
559 645 745 680 natarum
768 639 940 691 Priami,
966 641 1149 695 colloque
1173 642 1322 684 monile

269 715 331 745 655
355 700 545 741 bacatum
570 705 609 740 et
633 700 836 754 duplicem
859 701 1033 756 gemmis
1058 717 1236 756 auroque
1261 717 1463 745 coronam.

355 760 457 801 haec
481 760 661 801 celerans
685 761 762 802 iter
784 761 838 802 ad
860 761 978 803 navis
1003 762 1195 804 tendebat
1216 762 1414 805 Achates.

410 820 471 862 At
495 820 700 875 Cytherea
722 836 850 863 novas
875 828 1001 872 artes,
1025 838 1133 864 nova
1154 829 1318 878 pectore
1341 830 1477 866 versat

357 882 543 931 consilia,
569 887 614 922 ut
637 882 784 923 faciem
807 888 986 924 mutatus
1012 889 1053 924 et
1075 898 1146 925 ora
1171 883 1333 939 Cupido

354 956 428 996 pro
453 942 562 983 dulci
583 940 766 984 Ascanio
789 943 943 993 veniat,
969 944 1168 997 donisque
1192 944 1395 985 furentem

269 1016 332 1046 660
355 1003 546 1043 incendat
568 1003 753 1058 reginam
776 1009 897 1056 atque
922 1004 1084 1045 ossibus
1108 1004 1274 1059 inplicet
1297 1005 1435 1060 ignem
1443 1021 1453 1055 ;

356 1063 506 1117 quippe
530 1063 697 1104 domum
720 1064 834 1104 timet
857 1063 1092 1119 ambiguam
1116 1065 1346 1119 Tyriosque
1369 1065 1580 1120 bilinguis3

355 1124 436 1164 urit
459 1129 574 1164 atrox
597 1124 720 1173 Iuno,
746 1130 786 1164 et
809 1124 886 1166 sub
909 1131 1072 1165 noctem
1095 1139 1193 1166 cura
1214 1131 1407 1167 recursat.

357 1198 453 1239 ergo
477 1184 540 1225 his
566 1184 764 1240 aligerum
788 1185 906 1226 dictis
930 1185 1092 1226 adfatur
1113 1184 1330 1227 Amorem:

359 1250 495 1296 „nate‚
521 1259 636 1285 meae
658 1245 784 1294 vires,
809 1260 902 1286 mea
924 1261 1074 1301 magna
1096 1246 1294 1300 potentia,
1322 1246 1446 1296 solus,

269 1318 332 1349 665
356 1311 467 1355 nate,
492 1305 618 1360 patris
644 1305 794 1346 summi
816 1306 886 1358 qui
909 1306 990 1346 tela
1014 1306 1214 1360 Typhoea
1236 1307 1396 1356 temnis,

358 1366 411 1406 ad
434 1371 473 1406 te
498 1365 692 1420 confugio
716 1371 757 1406 et
781 1366 953 1419 supplex
976 1371 1047 1406 tua
1068 1366 1236 1407 numina
1258 1381 1397 1421 posco.

357 1425 482 1467 frater
503 1431 549 1466 ut
572 1424 739 1466 Aeneas
762 1426 910 1481 pelago
934 1431 1029 1467 tuus
1054 1426 1190 1467 omnia
1214 1426 1366 1468 circum

356 1486 474 1527 litora
495 1486 666 1527 iactetur
689 1485 793 1527 odiis
815 1486 986 1527 Iunonis
1010 1486 1186 1540 iniquae,

355 1553 451 1588 nota
474 1546 565 1596 tibi,
592 1551 632 1587 et
654 1551 794 1587 nostro
817 1547 983 1588 doluisti
1007 1562 1129 1601 saepe
1153 1547 1303 1589 dolore.

269 1621 332 1651 670
357 1607 465 1648 hunc
487 1607 717 1648 Phoenissa
739 1613 850 1648 tenet
871 1607 984 1649 Dido
1008 1607 1250 1662 blandisque
1274 1614 1454 1650 moratur

356 1668 546 1718 vocibus3
571 1673 612 1709 et
633 1682 793 1718 vereor,
820 1682 902 1722 quo
927 1683 971 1710 se
994 1669 1168 1710 Iunonia
1190 1675 1350 1710 vertant

355 1729 529 1783 hospitia
536 1744 548 1779 3
572 1728 683 1770 haud
705 1734 817 1770 tanto
841 1729 1019 1771 cessabit
1042 1729 1204 1770 cardine
1227 1744 1374 1771 rerum.

355 1789 545 1842 quocirca
568 1803 711 1843 capere
735 1795 828 1830 ante
853 1790 956 1831 dolis
981 1795 1022 1831 et
1045 1790 1206 1845 cingere
1229 1789 1394 1831 flamma

355 1849 539 1903 reginam
562 1849 752 1900 meditor,
777 1864 829 1890 ne
853 1864 935 1903 quo
960 1865 1004 1891 se
1026 1851 1192 1891 numine
1215 1856 1357 1900 mutet,

269 1924 331 1953 675
357 1910 430 1950 sed
452 1924 603 1964 magno
626 1908 793 1951 Aeneae
817 1925 979 1951 mecum
1002 1916 1186 1952 teneatur
1209 1925 1356 1952 amore.

355 1983 436 2023 qua
458 1969 593 2010 facere
615 1970 658 2010 id
680 1971 833 2024 possis,
858 1977 1039 2012 nostram
1061 1986 1170 2012 nunc
1194 1971 1332 2025 accipe
1355 1977 1550 2012 mentem:

354 2030 491 2085 regius
516 2030 648 2071 accitu
671 2031 754 2071 cari
776 2032 970 2086 genitoris
995 2032 1048 2073 ad
1070 2032 1215 2073 urbem

358 2090 571 2132 Sidoniam
593 2106 695 2146 puer
717 2092 775 2133 ire
798 2098 933 2147 parat,
958 2107 1050 2133 mea
1073 2093 1251 2134 maxima
1275 2107 1383 2143 cura,

355 2151 462 2193 dona
483 2151 618 2193 ferens
641 2152 788 2208 pelago
813 2159 854 2194 et
876 2153 1050 2195 flammis
1074 2154 1269 2194 restantia
1292 2154 1459 2204 Troiae3

268 2226 331 2256 680
354 2213 463 2254 hunc
486 2228 564 2269 ego
589 2214 766 2268 sopitum
790 2229 931 2256 somno
956 2229 1078 2269 super
1100 2215 1181 2256 alta
1206 2214 1387 2269 Cythera

354 2279 425 2315 aut
448 2289 569 2329 super
590 2275 767 2316 Idalium
791 2281 948 2317 sacrata
972 2276 1069 2317 sede
1091 2277 1322 2326 recondam,

353 2349 405 2375 ne
429 2349 510 2388 qua
534 2335 636 2376 scire
661 2335 776 2377 dolos
801 2336 1012 2378 mediusve
1037 2351 1245 2378 occurrere
1268 2337 1410 2391 possit.

354 2400 399 2435 tu
421 2395 569 2437 faciem
592 2396 700 2437 illius
723 2402 885 2438 noctem
907 2412 990 2439 non
1013 2397 1187 2452 amplius
1211 2412 1336 2438 unam

354 2456 450 2497 falle
473 2456 584 2506 dolo,
611 2463 651 2498 et
673 2463 790 2499 notos
813 2459 930 2513 pueri
951 2473 1054 2513 puer
1076 2459 1199 2500 indue
1223 2459 1370 2508 voltus,

267 2529 330 2559 685
353 2522 416 2566 ut,
442 2531 535 2558 cum
558 2523 598 2558 te
621 2518 776 2573 gremio
801 2519 971 2574 accipiet
993 2519 1215 2560 laetissima
1236 2519 1349 2560 Dido

352 2577 501 2631 regalis
525 2578 628 2619 inter
651 2593 814 2620 mensas
837 2579 1078 2633 laticemque
1101 2581 1302 2634 Lyaeum,

354 2651 447 2679 cum
471 2637 584 2679 dabit
607 2639 818 2693 amplexus
843 2646 965 2694 atque
989 2641 1128 2682 oscula
1151 2640 1284 2682 dulcia
1306 2639 1416 2694 figet,

354 2697 557 2740 occultum
579 2699 754 2754 inspires
775 2701 914 2755 ignem
937 2692 1136 2754 fallasque
1159 2706 1326 2742 veneno.
1335 2710 1356 2729 “
