1780 3074
530 313 788 352 AENEmos
807 312 906 350 Lm.
922 313 992 366 nr.

82 423 252 465 numina
273 435 427 477 magna
448 425 570 461 vocat
594 418 844 472 meritosque
867 416 1011 459 indicit
1033 416 1231 459 honores:

84 486 170 537 „di,
194 483 409 540 prohibete
433 481 566 524 minas
574 497 586 532 3
611 481 671 531 di,
697 480 822 522 talem
846 479 1017 522 avertite
1041 494 1198 530 casum,

82 553 123 589 ct
144 545 298 602 placidi
321 550 483 587 servate
505 542 650 599 piosl“
678 549 767 584 tum
788 542 908 584 litore
931 541 1076 583 funem

82 608 275 664 diripere,
301 619 582 660 excussosque
604 604 720 647 iubet
742 604 882 646 laxare
905 604 1114 646 rudentes.

83 670 257 712 tendunt
279 668 374 711 vela
395 668 501 719 noti;
525 667 711 724 fug-imus
736 665 1026 722 spumantibus
1050 667 1207 719 undis,

82 747 167 786 qua
189 745 357 774 cursum
380 736 611 784 ventusque
634 728 970 785 gubernatorque
993 728 1182 771 vocabat.

82 794 165 835 iam
188 793 325 835 medio
349 792 519 847 adparet
541 791 670 832 fluctu
693 805 912 832 nemorosa
935 781 1180 846 Zacynthos

83 855 408 908 Dulichiumque
433 851 642 906 Sameque
667 858 708 894 et
729 851 895 894 Neritos
920 853 1051 894 ardua
1075 853 1199 895 saxis.

84 916 307 973 effugimus
331 915 523 971 scopulos
546 914 735 965 Ithacae,
759 914 933 956 Laertia.
953 928 1096 970 regna,

85 986 127 1022 et
150 986 300 1022 terram
323 977 508 1020 altricem
531 977 646 1019 saevi
670 991 935 1019 exsecramur
957 976 1087 1019 Ulixi.

82 1056 182 1084 mox
204 1047 245 1083 ct
266 1041 481 1082 Leucatae
503 1038 694 1081 nimbosa
718 1039 934 1097 cacumina
956 1039 1108 1081 montis

83 1109 124 1145 et
146 1102 392 1145 formidatus
415 1101 553 1143 nautis
577 1101 759 1157 aperitur
780 1101 950 1157 Apollo.

82 1164 193 1207 hunc
214 1164 393 1221 petimus
418 1162 520 1206 fessi
544 1169 585 1205 et
606 1177 760 1219 parvae
785 1163 1046 1206 succedimus
1070 1163 1183 1214 urbi3

83 1242 234 1270 ancora
256 1227 308 1269 de
330 1241 453 1282 prora
474 1225 638 1276 iacitur,
665 1231 775 1268 stant
797 1225 916 1268 litore
938 1241 1114 1282 puppes.

140 1289 258 1346 Ergo
280 1289 489 1345 insperata
511 1288 680 1330 tandem
702 1288 847 1330 tellure
870 1288 992 1344 potiti

83 1352 387 1405 lustramurque
410 1350 502 1392 Iovi
524 1350 715 1405 votisque
737 1350 998 1392 incendimus
1023 1365 1129 1400 aras,

84 1413 291 1468 Actiaque
315 1412 453 1454 Iliacis
479 1411 735 1454 celebramus
758 1411 879 1454 litora
901 1411 1024 1454 ludis.

87 1481 280 1518 exercent
301 1474 456 1530 patrias
480 1473 572 1516 oleo
594 1473 760 1515 labente
782 1473 1011 1529 palaestras

87 1537 232 1579 nudati
256 1536 375 1587 socii3
399 1536 516 1577 iuvat
538 1535 722 1578 evasisse
746 1541 807 1577 tot
828 1534 954 1578 urbes

85 1599 306 1657 Argolicas
329 1598 571 1652 mediosque
594 1597 741 1656 fugam
764 1597 948 1640 tenuisse
972 1612 1052 1653 per
1074 1597 1219 1640 hostis.

85 1661 242 1704 interea
264 1675 462 1716 magnum
486 1659 550 1702 sol
572 1659 908 1715 circumvolvitur
931 1675 1087 1701 annum

88 1730 129 1766 ct
153 1723 338 1779 glacialis
361 1722 495 1764 hiems
519 1721 781 1776 aquilonibus
806 1727 970 1777 asperat
992 1722 1147 1772 undas;

88 1799 182 1827 acre
207 1799 309 1827 cavo
333 1784 529 1839 clipeum,
555 1785 697 1841 magni
720 1790 936 1841 gestamen
958 1783 1152 1834 Abantis,

86 1846 275 1903 postibus
300 1846 484 1888 adversis
508 1846 592 1902 figo
616 1852 658 1888 et
678 1861 767 1889 rem
791 1847 971 1888 carmine
996 1847 1135 1903 signo:

91 1908 286 1961 „Aeneas
310 1908 414 1950 haec
438 1908 490 1950 de
512 1907 675 1951 Danais
699 1908 924 1951 victoribus
950 1911 1106 1950 arma.“

88 1971 274 2026 linquere
298 1976 385 2012 tum
408 1976 552 2026 portus
575 1970 699 2013 iubeo
722 1976 764 2013 et
787 1971 1001 2013 considere
1024 1971 1225 2013 transtris.

89 2033 275 2075 certatim
299 2032 399 2075 socii
422 2032 575 2074 feriunt
597 2047 710 2074 mare
733 2038 774 2074 et
797 2047 978 2087 aequora
998 2039 1180 2075 verrunt.

88 2094 274 2150 protinus
299 2094 430 2136 aerias
453 2093 693 2136 Phaeacum
716 2094 1009 2137 abscondimus
1033 2109 1163 2145 arces,

89 2156 288 2211 litoraque
310 2155 431 2211 Epiri
453 2156 629 2212 legimus
653 2162 856 2211 portuque
881 2156 1069 2199 subimus

93 2216 279 2260 Chaonio
304 2225 344 2260 ct
368 2218 522 2260 celsam
544 2219 740 2260 Buthroti
761 2219 997 2261 accedimus
1020 2219 1180 2261 urbem.

148 2278 233 2320 Hic
255 2279 505 2320 incredibilis
529 2294 666 2320 rerum
689 2280 802 2321 fama
825 2286 1001 2336 occupat
1023 2281 1148 2330 auris,

11 2386 15 2391 ¹
92 2339 331 2381 Priamiden
353 2339 563 2381 Helenum
588 2339 737 2383 Graias
760 2356 935 2397 regnare
957 2356 1032 2396 per
1054 2341 1193 2391 urbes,

93 2400 286 2457 coniugio
308 2399 519 2442 Aeacidae
541 2400 693 2456 Pyrrhi
716 2402 971 2457 sceptrisque
994 2403 1184 2457 potitmn,

94 2470 135 2505 et
156 2463 289 2518 patrio
312 2461 634 2503 Andromachen
656 2462 805 2504 iterum
827 2463 1004 2504 cessisse
1028 2464 1187 2505 marito.

94 2524 308 2580 obstupui,
333 2524 518 2578 miroque
541 2523 757 2566 incensum
779 2531 926 2579 pectus
950 2538 1102 2574 amore,

94 2586 326 2643 conpellare
349 2586 484 2627 virum
508 2591 550 2628 et
573 2600 695 2628 casus
719 2600 970 2642 cognoscere
994 2591 1142 2628 tantos.

93 2648 334 2705 progredior
355 2654 478 2704 portu
502 2647 656 2690 classes
681 2653 722 2689 et
745 2647 864 2689 litora
886 2647 1091 2702 linquens,

96 2709 305 2752 sollemnis
330 2725 425 2752 cum
448 2709 554 2752 forte
578 2710 706 2765 dapes
731 2715 773 2751 et
795 2709 928 2752 tristia
950 2710 1060 2752 dona

97 2777 191 2813 ante
213 2771 359 2814 urbem
382 2772 425 2813 in
447 2772 541 2814 luco
564 2771 660 2814 falsi
685 2770 909 2814 Simoentis
934 2772 988 2814 ad
1010 2772 1165 2814 undam

1359 304 1440 347 137

1467 492 1533 523 265

1471 804 1537 834 270

1472 1116 1538 1146 ‘275

1474 1424 1540 1456 280

1474 1734 1540 1765 285

1475 2047 1541 2077 290

1474 2665 1540 2694 300
