1820 3054
343 259 425 302 366
741 267 783 300 Ρ.
802 263 1032 300 VERGILII
1049 262 1273 301 MARONIS

340 375 386 410 ut
409 368 560 411 scelere
582 365 767 415 infando,
793 364 904 418 quod
926 378 1002 405 nec
1026 364 1121 406 sinit
1143 364 1360 417 Adrastea,

253 442 317 473 240
339 429 499 471 laedere
522 433 738 480 utrumque
760 439 842 466 uno
866 424 1032 467 studeas
1057 439 1189 467 errore
1211 427 1438 482 parenteml

339 489 450 544 quod
473 487 508 529 si
531 487 609 529 alio
633 486 778 540 quovis
803 485 927 527 animi
951 485 1112 528 iactaris
1137 501 1274 530 amore
1298 513 1352 519 —-

339 564 434 591 nam
457 554 497 589 te
519 547 678 597 iactari,
703 561 786 588 non
809 552 872 588 est
894 546 1144 589 Amathusia
1166 549 1295 590 nostri

339 616 423 651 tam
444 608 576 658 rudis,
600 613 646 649 ut
668 607 780 649 nullo
803 607 960 663 possim
984 622 1231 664 cognoscere
1255 610 1374 666 signo
1399 635 1471 660 ——‚

340 670 376 712 si
398 683 618 711 concessus
643 683 758 710 amor
779 674 877 710 noto
901 674 940 710 te
964 675 1143 711 macerat
1165 669 1279 725 igne:

254 742 316 774 245
337 744 411 786 per
433 729 507 771 tibi
529 728 762 785 Dictynnae
785 729 1014 784 praesentia
1036 729 1206 771 numina
1226 730 1329 780 iuro,

338 790 469 847 prima
491 790 615 832 deum
637 804 742 844 quae
766 790 884 831 dulce
908 789 1008 831 mihi
1032 796 1071 832 te
1095 791 1219 832 donat
1242 791 1461 842 alumnam,

338 851 475 893 omnia
497 865 563 893 me
587 851 722 906 potius
746 851 872 906 digna
894 857 1017 905 atque
1039 851 1208 907 indigna
1230 852 1415 894 laborum

339 912 451 953 milia
472 912 671 962 visuram,
697 926 821 966 quam
845 918 885 953 te
908 918 992 953 tam
1015 912 1200 954 tristibus
1225 913 1314 956 istis

340 972 516 1015 sortibus
541 979 581 1014 et
603 972 746 1014 morbo
768 973 900 1028 patiar
922 972 1132 1015 tabescere
1156 974 1268 1015 tali.“

251 1046 316 1077 250
394 1033 514 1075 Haec
536 1033 732 1087 loquitur,
757 1034 950 1088 mollique
972 1039 1019 1075 ut
1042 1048 1087 1076 se
1109 1035 1260 1076 velavit
1284 1036 1446 1085 amictu,

338 1094 574 1150 frigidulam
596 1094 745 1136 iniecta
768 1094 992 1136 circumdat
1014 1101 1128 1136 veste
1151 1095 1342 1150 puellam,

339 1169 444 1209 quae
466 1155 580 1210 prius
603 1155 646 1195 in
669 1155 781 1196 tenui
806 1161 970 1197 steterat
995 1156 1202 1198 succincta
1224 1163 1397 1198 crocota.

340 1215 476 1257 dulcia
498 1215 644 1257 deinde
667 1216 784 1271 genis
808 1215 1038 1258 rorantibus
1062 1215 1203 1258 oscula
1225 1217 1357 1272 figens

339 1275 597 1331 persequitur
619 1276 791 1317 miserae
815 1290 984 1318 caussas
1009 1277 1220 1330 exquirere
1244 1277 1370 1328 tabis3

252 1350 316 1380 ‘255
341 1350 417 1378 nec
440 1342 577 1377 tamen
599 1343 693 1378 ante
716 1336 821 1378 ullas
844 1337 996 1391 patitur
1020 1337 1098 1379 sibi
1121 1338 1290 1380 reddere
1314 1353 1450 1389 voces,

339 1411 612 1438 marmoreum
635 1397 901 1439 tremebunda
923 1398 1072 1452 pedem
1095 1412 1218 1452 quam
1242 1399 1396 1440 rettulit
1419 1400 1536 1442 intra.

339 1457 409 1498 illa
432 1463 568 1498 autem
594 1457 719 1511 „quid
740 1471 850 1499 nune
872 1460 984 1508 me,“
1008 1458 1140 1512 inquit
1165 1459 1407 1510 „nutricula,
1433 1461 1623 1515 torques?

340 1518 440 1572 quid
463 1524 620 1559 tantum
643 1533 837 1574 properas
861 1525 1022 1560 nostros
1047 1520 1211 1562 novisse
1234 1520 1418 1563 furores?

339 1593 423 1620 non
446 1593 524 1634 ego
548 1585 743 1621 consueto
766 1579 1005 1621 mortalibus
1031 1595 1126 1622 uror
1149 1594 1299 1631 amore,

252 1654 317 1684 260
339 1654 416 1682 nec
439 1639 539 1681 mihi
562 1645 751 1682 notorum
774 1641 995 1682 deflectunt
1017 1641 1171 1683 lumina
1193 1642 1343 1693 voltus,

339 1716 415 1743 nec
437 1702 599 1758 genitor
621 1702 734 1744 cordi
757 1709 837 1744 est:
862 1703 968 1744 ultro
990 1717 1168 1757 namque
1192 1704 1353 1746 odimus
1378 1719 1532 1747 omnes.

339 1762 398 1804 nil
420 1769 530 1804 amat
552 1762 620 1804 hic
643 1763 822 1813 animus,
846 1764 1003 1814 nutrix,
1028 1765 1139 1818 quod
1161 1770 1320 1820 oportet
1343 1766 1481 1814 amari,

339 1824 382 1865 in
405 1837 487 1877 quo
511 1823 617 1865 falsa
639 1830 777 1866 tamen
799 1825 922 1866 lateat
945 1825 1107 1880 pietatis
1131 1826 1268 1882 imago
1276 1842 1288 1877 3

342 1885 415 1926 sed
438 1885 574 1926 media
597 1899 649 1926 ex
672 1885 777 1937 acie,
803 1887 1029 1940 mediisque
1053 1901 1106 1928 ex
1127 1887 1327 1929 hostibus.
1352 1887 1452 1938 heu,
1477 1888 1570 1939 hen,

252 1958 317 1989 265
341 1945 441 1999 quid
464 1946 615 1996 dicam,
641 1960 775 2000 quove
798 1947 890 2001 ipsa
911 1947 1065 1988 malum
1087 1948 1167 1989 hoc
1191 1949 1379 1990 exordiar
1401 1949 1495 1991 ore?

341 2006 474 2047 dicam
499 2006 706 2060 equidem,
737 2008 930 2060 quoniam
954 2031 1008 2038 -
1032 2008 1132 2061 quid
1154 2022 1238 2049 non
1260 2009 1334 2050 tibi
1357 2009 1508 2059 dicere,
1532 2011 1682 2060 nutriit,

340 2081 424 2108 non
447 2066 572 2108 sinis?
595 2073 822 2108 extremum
845 2068 924 2109 hoc
946 2083 1095 2110 munus
1119 2069 1328 2110 morientis
1353 2069 1514 2111 habeto.

340 2127 408 2169 ille
431 2152 486 2158 —
509 2128 625 2170 vides
649 2153 722 2179 —,
746 2129 896 2171 nostris
920 2130 992 2183 qui
1013 2129 1228 2172 moenibus
1253 2131 1411 2172 adsidet
1434 2131 1576 2181 hostis,

341 2194 463 2244 quem
486 2195 602 2244 pater
622 2190 712 2244 ipse
736 2191 858 2232 deum
883 2191 1031 2245 sceptri
1055 2191 1223 2232 donavit
1243 2191 1410 2241 honore,

254 2262 318 2293 270
342 2251 408 2292 cui
430 2250 588 2292 Parcae
611 2251 789 2293 tribuere
813 2266 890 2293 neo
913 2252 996 2294 ullo
1019 2252 1186 2294 volnere
1209 2252 1318 2294 laedi
1340 2277 1396 2284 —-

342 2314 559 2355 dicendum
583 2320 664 2365 est,
689 2314 841 2357 frustra
864 2315 1144 2357 circumvehor
1166 2315 1303 2356 omnia
1324 2314 1460 2356 verbis
1485 2339 1539 2345 -—

342 2375 410 2416 ille
433 2390 542 2425 mea,
567 2375 636 2417 ille
658 2376 768 2418 idem
791 2382 1002 2433 oppugnat
1023 2377 1262 2432 praecordia
1283 2376 1437 2418 Minos.

343 2437 454 2491 quod
476 2451 551 2492 per
572 2443 613 2479 te
636 2437 777 2480 divum
801 2437 964 2480 crebros
988 2443 1186 2480 testamur
1208 2451 1381 2487 amores,

342 2512 495 2553 perque
519 2503 636 2540 tuum
656 2499 828 2541 memori
852 2505 1014 2542 suctum
1036 2498 1137 2540 mihi
1158 2504 1302 2554 pectus
1326 2499 1525 2548 alumnae,

256 2571 320 2602 275
345 2565 389 2600 ut
410 2573 495 2609 me,
521 2558 557 2601 si
581 2574 742 2602 servare
765 2566 901 2616 potes,
925 2574 1002 2603 nec
1023 2560 1193 2616 perdere
1217 2560 1335 2602 malis
1342 2576 1355 2611 ;

346 2619 409 2660 sin
431 2625 569 2661 autem
591 2626 754 2676 optatae
777 2635 872 2677 spes
896 2627 959 2664 est
980 2621 1110 2663 incisa
1133 2621 1287 2670 salutis,

344 2694 420 2722 nec
442 2681 560 2731 mihi,
585 2695 709 2735 quam
731 2683 880 2734 merui,
903 2683 1107 2733 invideas,
1132 2681 1350 2731 nutricula,
1374 2685 1556 2722 mortem.
