1800 3106
575 293 679 330 AEN
682 290 835 327 EIDOS
859 290 957 326 LIB.
970 291 1039 326 XI.

123 403 285 444 hastam
307 399 473 442 intorsit
496 412 623 453 equo,
648 397 886 450 ferrumque
912 394 990 437 sub
1015 409 1114 436 aure
1136 392 1316 450 reliquit.

123 478 206 518 quo
231 462 396 517 sonipes
421 461 507 503 ictu
529 459 630 502 furit
653 459 826 509 arduus,
853 457 1017 511 altaque
1041 456 1167 498 iactat

123 525 300 568 volneris
325 523 530 579 inpatiens
554 527 714 564 arrecto
736 526 904 576 pectore
930 534 1061 561 crura.

122 587 302 629 volvitur
325 586 394 627 ille
419 599 621 627 excussus
645 583 775 625 humi.
803 581 980 625 Catillus
1004 580 1154 632 Iollan,

124 651 417 705 ingentemque
440 647 608 698 animis,
632 646 846 703 ingentem
870 658 1041 699 corpore
1066 650 1108 686 et
1130 643 1257 686 armis

124 710 248 753 deicit
271 709 556 760 Herminium,
582 708 696 751 nudo
719 707 787 750 cui
810 706 964 749 vertice
988 706 1106 749 fulva

125 772 348 823 caesaries,
372 771 555 825 nudique
579 769 740 813 humeri
747 786 759 821 ;
783 783 862 811 nec
884 768 1055 811 volnera
1079 774 1252 818 terrent3

125 842 263 878 tantus
286 835 331 876 in
354 849 470 876 arma
491 838 618 889 patet.
643 833 749 875 latos
773 831 872 874 huic
893 830 1016 872 hasta
1037 845 1114 887 per
1136 845 1274 872 armos

125 906 218 940 acta
241 897 395 947 tremit,
421 895 687 952 duplicatque
710 894 847 937 virum
869 893 1069 936 transfixa
1092 892 1246 935 dolore.

125 960 311 1001 funditur
333 965 421 1001 ater
443 957 598 1012 ubique
621 971 760 1008 cruor,
787 956 888 998 dant
910 955 1059 998 funera
1081 955 1191 997 ferro

125 1027 347 1070 certantes,
372 1019 670 1075 pulchramque
693 1023 841 1074 petunt
863 1032 938 1073 per
962 1017 1130 1059 volnera
1153 1022 1341 1058 mortem.

179 1082 243 1125 At
264 1082 423 1125 medias
446 1081 554 1123 inter
577 1081 727 1123 caedes
752 1079 934 1122 exsultat
957 1078 1166 1129 Amazon,

124 1161 256 1188 unum
279 1151 443 1187 exserta
465 1144 574 1186 latus
598 1157 783 1200 pugnae,
808 1141 1046 1198 pharetrata
1070 1140 1262 1191 Camilla,

126 1215 167 1250 ct
189 1222 300 1250 nunc
322 1207 435 1249 lenta
456 1221 584 1248 manu
607 1219 809 1262 spargens
833 1203 1001 1246 hastilia
1024 1203 1183 1253 denset,

127 1284 236 1311 nunc
258 1269 440 1311 validam
463 1268 609 1310 dextra
631 1268 740 1323 rapit
761 1266 975 1309 indefessa
998 1265 1241 1321 bipennem3

127 1346 277 1374 aureus
302 1345 355 1372 ex
376 1330 549 1371 humero
573 1336 693 1371 sonat
716 1343 837 1371 arcus
862 1334 903 1370 et
927 1344 1042 1370 arma
1063 1327 1242 1369 Dianae.

126 1394 198 1436 illa
221 1393 364 1443 etiam,
391 1392 427 1434 si
450 1391 616 1446 quando
639 1391 684 1432 in
707 1397 871 1447 tergum
894 1390 1018 1446 pulsa
1039 1390 1224 1440 recessit,

129 1455 289 1512 spicula
312 1468 512 1497 converso
535 1453 741 1510 fugientia
763 1452 905 1509 dirigit
928 1466 1039 1494 arcu.

128 1524 171 1560 at
194 1517 349 1559 circum
371 1515 503 1558 lectae
527 1515 718 1566 comites,
742 1514 985 1568 Larinaque
1009 1514 1130 1571 virgo

129 1580 334 1634 Tullaque
359 1584 400 1621 et
423 1584 606 1620 aeratam
629 1577 819 1632 quatiens
846 1576 1027 1632 Tarpeia
1050 1575 1241 1627 securim,

127 1641 318 1692 Italides,
344 1655 449 1695 quas
472 1640 566 1696 ipsa
589 1640 716 1682 decus
743 1639 823 1682 sibi
846 1639 915 1681 dia
940 1637 1120 1681 Camilla

129 1704 284 1761 delegit
305 1703 504 1759 pacisque
527 1702 659 1745 bonas
682 1701 863 1757 bellique
887 1701 1111 1751 ministras,

128 1766 273 1821 quales
298 1765 515 1807 Threiciae
540 1779 636 1806 cum
658 1763 830 1806 flumina
854 1763 1177 1805 Thermodontis

128 1828 297 1885 pulsant
320 1833 360 1868 et
384 1826 506 1882 pictis
530 1825 737 1869 bellantur
763 1824 1005 1868 Amazones
1030 1825 1170 1875 armis,

131 1905 205 1931 seu
229 1889 384 1931 circum
408 1888 685 1945 Hippolyten,
712 1903 788 1930 seu
811 1903 907 1930 cum
931 1902 976 1930 se
999 1887 1156 1930 Martia
1180 1902 1303 1930 curru

129 1951 397 1994 Penthesilea
419 1951 563 2002 refert,
589 1964 825 2008 magnoque
849 1950 1034 1992 ululante
1058 1950 1240 1992 tumultu

130 2014 310 2056 feminea
334 2013 542 2055 exsultant
563 2012 716 2055 lunatis
741 2012 910 2070 agmina
931 2013 1067 2069 peltis·

130 2090 254 2130 quem
278 2074 360 2118 telo
383 2075 581 2131 primum,
607 2089 732 2130 quem
755 2081 1033 2131 postremum,
1060 2089 1209 2131 aspera
1230 2075 1364 2132 virgo,

131 2138 284 2180 deicis?
306 2144 378 2180 aut
400 2143 503 2192 quot
524 2137 642 2180 humi
664 2138 882 2180 morientia
905 2152 1080 2193 corpora
1102 2137 1271 2179 fundis?

130 2200 326 2242 Euneum
351 2198 491 2254 Clytio
513 2199 694 2255 primum
716 2205 853 2254 patre,
880 2199 997 2241 cuius
1023 2205 1213 2255 apertum

133 2261 297 2304 adversi
318 2261 445 2316 longa
467 2261 773 2303 transverberat
796 2260 932 2303 abiete
955 2267 1115 2316 pectus.

135 2322 348 2379 sanguinis
372 2323 442 2364 ille
464 2337 638 2366 vomens
660 2323 772 2364 rivos
797 2322 908 2364 cadit
931 2328 1056 2376 atque
1080 2328 1293 2364 cruentam

134 2384 292 2426 mandit
315 2383 507 2434 humum,
531 2383 795 2439 moriensque
820 2398 898 2426 suo
922 2398 966 2426 se
990 2385 1034 2426 in
1057 2384 1225 2426 volnere
1247 2390 1398 2426 versat.

1405 279 1488 322 315

1457 596 1466 606 “
1515 593 1580 624 640

135 2454 223 2489 tum
246 2446 400 2496 Lirim,
425 2445 722 2502 Pagasumque
747 2461 890 2503 super,
916 2460 1095 2501 quorum
1118 2446 1222 2488 alter
1243 2445 1429 2488 habenas

136 2509 297 2551 suffuso
320 2508 533 2550 revolutus
558 2522 666 2563 equo
691 2509 793 2551 dum
816 2508 991 2565 colligit,
1017 2508 1122 2551 alter

135 2571 235 2613 dum
259 2570 371 2613 subit
394 2584 444 2613 ac
467 2571 656 2613 dextram
677 2570 835 2613 labenti
858 2571 990 2613 tendit
1011 2571 1224 2621 inermem,

138 2633 380 2688 praecipites
404 2632 639 2689 pariterque
661 2639 800 2675 ruunt.
824 2632 890 2675 his
915 2633 1031 2675 addit
1052 2631 1300 2675 Amastrum

138 2695 424 2751 Hippotaden,
451 2695 719 2750 sequiturque
741 2696 986 2739 incumbens
1011 2696 1172 2739 eminus
1196 2696 1318 2738 hasta

1518 904 1582 935 645

1522 1215 1583 1245 650

1520 1526 1584 1556 6:35

1521 1838 1587 1869 660

1522 2151 1587 2181 665

1522 2460 1588 2491 670

139 2756 352 2812 Tereaque
376 2757 745 2814 Harpalycumque
771 2764 810 2800 ct
834 2758 1157 2814 Demophoonta
1181 2757 1495 2813 Chromimque;
1522 2772 1586 2803 675
