1820 3080
382 315 464 357 232
778 319 820 352 P.
838 315 1067 352 VERGILII
1085 314 1308 351 MARONIS

295 438 357 467 720
380 423 445 464 vel
469 436 562 463 cum
586 420 669 461 sole
692 432 799 458 novo
823 417 973 457 densae
996 420 1197 456 torrentur
1219 414 1366 454 aristae

380 489 450 524 aut
472 480 618 522 Hermi
641 491 784 531 campo
807 482 878 517 aut
899 475 1056 529 Lyciae
1078 473 1320 515 flaventibus
1345 475 1464 515 arvis.

381 548 495 583 scuta
519 544 663 581 sonant
685 537 886 592 pulsuque
909 535 1060 590 pedum
1083 535 1298 575 conterrita
1321 534 1453 576 tellus.

435 601 546 642 Hinc
568 596 938 653 Agamemnonius,
965 595 1132 636 Troiani
1153 595 1328 635 nominis
1351 594 1494 644 hostis,

381 676 499 703 curru
521 660 653 714 iungit
675 658 881 699 Halaesus
906 670 1050 709 equos,
1076 656 1296 709 Turnoque
1318 655 1475 697 feroces

295 735 356 764 725
381 721 489 761 mille
511 720 616 774 rapit
637 718 828 773 populos,
853 722 1015 758 vertunt
1037 716 1171 757 felicia
1193 716 1359 757 Baccho

381 781 563 822 Massica
585 780 656 833 qui
677 778 836 827 rastris,
862 783 902 818 et
924 791 1027 830 quos
1053 777 1103 817 de
1127 776 1298 818 collibus
1323 776 1414 817 altis

380 840 567 881 Aurunci
589 839 736 880 misere
759 843 893 892 patres
920 836 1181 890 Sidicinaque
1203 837 1318 877 iuxta

382 915 575 954 aequora,
600 900 750 952 quique
775 897 897 939 Cales
921 897 1125 950 linquunt,
1151 897 1361 949 amnisque
1385 896 1527 937 vadosi

383 961 523 1002 accola
543 959 750 1008 Volturni,
774 958 1004 1012 pariterque
1030 956 1236 999 Saticulus
1261 971 1379 1011 asper

298 1035 361 1065 730
387 1019 672 1073 Oscorumque
695 1033 852 1059 manus.
877 1023 1024 1059 teretes
1049 1023 1142 1059 sunt
1165 1017 1328 1071 aclydes
1353 1017 1432 1058 illis

385 1081 482 1131 tela3
509 1081 580 1122 sed
603 1080 704 1120 haec
727 1079 836 1119 lento
859 1093 948 1119 mos
973 1084 1035 1119 est
1057 1084 1195 1132 aptare
1217 1077 1390 1132 flagello.

384 1141 522 1182 laevas
546 1146 655 1181 cetra
677 1139 795 1194 tegit,
819 1139 958 1179 falcati
981 1138 1207 1179 comminus
1232 1152 1362 1178 enses.

440 1202 527 1242 Nec
550 1208 594 1242 tu
618 1199 863 1241 carminibus
887 1200 1035 1241 nostris
1059 1199 1234 1240 indictus
1259 1198 1402 1247 abibis,

388 1260 564 1311 Oebale,
589 1275 711 1314 quem
734 1274 951 1314 generasse
976 1259 1106 1300 Telon
1131 1257 1350 1300 Sebethide
1374 1258 1555 1312 nympha

301 1334 363 1364 735
387 1321 531 1370 fertur,
556 1320 781 1361 Teleboum
807 1319 988 1373 Capreas
1013 1333 1106 1360 cum
1128 1333 1256 1373 regna
1279 1323 1455 1366 teneret,'

386 1381 469 1422 iam
494 1381 646 1430 senior;
670 1380 810 1434 patriis
836 1380 906 1420 sed
931 1394 1014 1420 non
1037 1385 1078 1419 et
1099 1379 1206 1419 filius
1231 1378 1338 1418 arvis

389 1446 600 1482 contentus
623 1441 703 1481 late
726 1440 807 1480 iam
831 1445 918 1480 tum
942 1440 1099 1480 dicione
1123 1438 1287 1480 tenebat

391 1499 587 1543 Sarrastis
610 1500 783 1555 populos
808 1506 848 1541 et
871 1514 974 1554 quae
997 1500 1103 1555 rigat
1126 1513 1302 1552 aequora
1328 1497 1495 1547 Sarnus,

389 1561 540 1614 quique
563 1560 717 1602 Rufras
741 1560 1016 1613 Batulumque
1041 1566 1179 1600 tenent
1202 1565 1322 1613 atque
1346 1574 1444 1600 arva
1467 1558 1699 1607 Celemnae,

303 1634 366 1664 740
390 1627 429 1662 et
452 1635 555 1674 quos
578 1621 786 1662 maliferae
810 1621 1047 1674 despectant
1069 1620 1230 1662 moenia
1253 1619 1438 1669 Abellae,

391 1681 615 1722 Teutonico
638 1683 718 1722 ritu
742 1681 849 1722 soliti
872 1687 1059 1734 torquere
1083 1681 1253 1730 cateias3

390 1741 570 1796 tegmina
592 1741 683 1794 quis
708 1742 886 1795 capitum
907 1747 1048 1795 raptus
1073 1740 1124 1781 de
1148 1740 1293 1781 subere
1317 1746 1466 1788 cortex,

391 1807 631 1854 aerataeque
654 1801 806 1841 micant
826 1801 978 1855 peltae,
1002 1801 1126 1841 micat
1148 1814 1291 1841 aereus
1315 1800 1436 1840 ensis.

445 1861 504 1901 Et
526 1865 566 1901 te
589 1866 799 1901 montosae
822 1861 969 1900 misere
991 1861 1034 1900 in
1056 1860 1210 1914 proelia
1230 1860 1397 1908 Nersae,

304 1934 367 1963 745
392 1920 546 1969 Ufens,
570 1920 774 1974 insignem
797 1919 909 1960 fama
932 1926 972 1960 et
994 1919 1182 1960 felicibus
1207 1919 1341 1968 armis,

390 1980 554 2020 horrida
573 1980 791 2034 praecipue
815 1980 880 2020 cui
903 1994 1024 2034 gens,
1049 1979 1298 2031 adsuetaque
1321 1978 1448 2018 multo

390 2044 542 2079 venatu
563 2044 793 2088 nemorum,
818 2039 930 2079 duris
953 2037 1184 2090 Aequicula
1206 2037 1375 2092 glaebis.

392 2099 537 2139 armati
560 2104 708 2139 terram
732 2104 937 2147 exercent,
964 2111 1203 2151 semperque
1225 2097 1397 2137 recentis

393 2164 631 2199 convectare
653 2159 767 2199 iuvat
788 2158 962 2212 praedas
987 2164 1027 2198 et
1048 2158 1186 2198 vivere
1208 2162 1335 2210 rapto.

306 2230 368 2260 750
449 2217 562 2269 Quin
585 2224 625 2258 et
646 2218 859 2259 Marruvia
880 2218 992 2259 venit
1015 2218 1065 2258 de
1088 2223 1210 2272 gente
1234 2217 1436 2264 sacerdos,

392 2276 535 2318 fronde
560 2292 682 2332 super
704 2278 864 2333 galeam
889 2283 929 2318 et
951 2277 1060 2318 felici
1083 2282 1268 2330 comptus
1291 2276 1410 2324 oliva,

392 2336 593 2392 Archippi
617 2338 725 2393 regis
748 2339 896 2387 missu,
922 2337 1168 2378 fortissimus
1193 2336 1364 2385 Umbro,

392 2397 557 2451 vipereo
580 2398 720 2452 generi
743 2404 783 2438 et
806 2398 983 2453 graviter
1007 2396 1252 2451 spirantibus
1275 2396 1416 2450 hydris

394 2471 583 2512 spargere
607 2458 677 2511 qui
701 2472 866 2499 somnos
891 2463 1093 2510 cantuque
1115 2470 1320 2509 manuque
1345 2454 1511 2503 solebat,

307 2530 369 2559 755
393 2517 676 2570 mulcebatque
698 2518 780 2559 iras
805 2524 845 2559 et
867 2532 1027 2559 morsus
1051 2522 1136 2557 arte
1158 2516 1331 2557 levabat.

394 2578 467 2617 sed
489 2592 571 2618 non
593 2578 827 2619 Dardaniae
850 2577 1042 2619 medicari
1065 2576 1244 2631 cuspidis
1268 2576 1394 2616 ictum

394 2637 561 2686 evaluit,
585 2652 718 2690 neque
742 2652 837 2679 eum
858 2638 997 2678 iuvere
1019 2637 1063 2677 in
1086 2636 1248 2676 volnere
1272 2640 1414 2676 cantus

396 2697 602 2737 somniferi
627 2703 666 2737 et
688 2697 840 2739 Marsis
865 2698 1072 2751 quaesitae
1095 2695 1300 2737 montibus
1323 2693 1484 2735 herbae.
