1748 3048
245 630 287 660 ‘20

247 1239 288 1268 30

247 1849 288 1877 *10

245 2154 287 2183 45

247 2459 287 2488 50

313 266 338 307 8
716 275 758 309 P.
780 274 1012 310 VERGILII
1030 273 1253 311 MAROMS
1307 300 1310 303 Δ

309 374 371 416 M.
404 374 516 428 Quid
539 375 692 416 domini
715 375 884 423 faciant,
910 375 1061 415 audent
1083 389 1176 415 cum
1199 376 1295 416 talia
1319 376 1446 417 fures!

309 451 392 477 non
414 450 492 491 ego
516 442 555 476 te
578 436 662 476 vidi
684 435 907 483 Damonis,
933 434 1128 488 pessime,
1155 449 1321 489 caprum

310 497 496 551 excipere
519 496 696 544 insidiis,
722 495 895 536 multum
918 495 1088 536 latrante
1113 496 1315 550 Lycisca?

310 564 350 597 et
374 571 467 597 cum
491 556 725 597 clamarem:
753 569 860 608 „quo
883 569 993 597 nunc
1017 570 1062 597 se
1083 557 1253 611 proripit
1276 557 1367 598 11169
1407 577 1413 579 Α

311 617 470 671 Tityre,
496 630 597 670 coge
620 618 780 669 pecus3‘
781 619 860 656 ‘tu
883 622 977 670 post
1001 623 1159 658 carecta
1181 617 1348 659 latebas.

308 677 365 718 D.
395 675 467 717 An
490 676 589 716 mihi
613 676 813 718 cantando
837 676 968 718 victus
992 691 1075 718 non
1097 678 1284 719 redderet
1306 679 1387 728 ille,

311 751 434 791 quem
458 751 550 777 mea
572 736 817 778 carminibus
842 737 1057 778 meruisset
1079 737 1233 787 fistula,
1259 740 1450 793 caprum?

312 799 348 839 si
370 812 522 847 1163613,
547 811 663 838 meus
688 797 755 838 ille
779 811 901 851 caper
923 798 1019 838 fuit:
1045 804 1085 839 et
1106 799 1205 839 mihi
1229 800 1394 841 Damon

310 859 400 913 ipse
423 858 644 908 fatebatur3
670 859 743 899 sed
765 859 935 912 reddere
957 873 1079 913 posse
1102 860 1292 914 negabat.

246 957 262 963 -
310 919 372 960 M.
399 918 614 961 Cantando
638 924 682 959 tu
704 918 843 959 illum?
866 925 936 960 aut
959 933 1140 972 unquam
1163 920 1237 961 tibi
1260 921 1396 962 fistula
1419 936 1511 962 cera

310 981 448 1020 iuncta
470 979 571 1020 fuit?
593 993 677 1020 non
699 985 743 1020 tu
766 979 810 1020 in
832 979 979 1029 triviis,
1004 980 1183 1029 indocte,
1210 981 1369 1023 solebas

311 1041 495 1082 stridenti
519 1040 713 1081 miserum
736 1040 886 1094 stipula
908 1041 1140 1095 disperdere
1163 1043 1351 1083 carmen?

310 1103 366 1144 D.
397 1103 473 1145 Vis
498 1117 614 1158 ergo,
638 1102 743 1143 inter
764 1117 858 1152 nos,
883 1103 982 1156 quid
1004 1103 1135 1157 possit
1157 1110 1344 1157 uterque,
1370 1105 1549 1146 vicissim

313 1165 591 1219 experiamur?
615 1179 692 1219 ego
715 1164 821 1205 hanc
844 1165 1013 1206 vitulam
1037 1190 1091 1195 —-
1114 1179 1166 1206 ne
1189 1166 1292 1207 forte
1315 1181 1492 1216 recuses,

313 1226 375 1266 bis
400 1225 511 1266 venit
534 1225 587 1266 ad
609 1225 842 1275 mulctram,
868 1225 986 1267 binos
1011 1226 1081 1267 alit
1103 1226 1228 1268 ubere
1252 1227 1360 1269 fetus
1383 1251 1438 1258 -—

311 1287 488 1341 depono:
514 1292 558 1327 tu
581 1286 664 1336 dic,
689 1300 851 1327 mecum
874 1301 955 1340 quo
978 1287 1148 1342 pignore
1172 1293 1313 1328 certes.

310 1347 371 1388 Μ.
401 1347 469 1388 De
493 1361 618 1402 grege
641 1362 723 1388 non
746 1347 878 1388 ausim
901 1347 1120 1400 quicquam
1144 1348 1345 1402 deponere
1369 1354 1521 1390 16611111.

313 1415 375 1449 631
398 1408 498 1448 1111111
520 1422 696 1461 namque
721 1408 830 1449 domi
852 1414 985 1462 pater,
1011 1415 1073 1450 est
1096 1409 1246 1450 iniusta
1268 1424 1460 1451 noverea:

311 1469 458 1522 bisque
483 1470 548 1510 die
571 1475 787 1510 numerant
810 1469 931 1510 ambo
954 1484 1099 1524 pecus,
1125 1470 1226 1511 alter
1249 1476 1288 1511 61
1312 1471 1477 1511 haedos.

246 1545 273 1573 3.
311 1545 471 1579 verum,
496 1530 539 1571 id
562 1531 672 1583 quod
695 1530 823 1571 multo
848 1536 933 1571 tute
955 1531 1043 1584 ipse
1068 1530 1247 1572 fatebere
1272 1531 1417 1581 maius,
1443 1556 1496 1561 —-

311 1592 488 1632 insanire
511 1591 610 1632 libet
633 1591 825 1644 quoniam
849 1591 921 1632 tibi
945 1617 999 1622 —
1022 1592 1168 1646 pocula
1190 1607 1340 1646 ponam

312 1652 469 1707 fagina,
494 1651 695 1693 caelatum
718 1652 844 1692 divini
868 1666 970 1706 opus
994 1652 1305 1702 Alcimedontis,

311 1714 421 1754 lenta
443 1713 591 1767 quibus
616 1719 731 1755 torno
754 1713 866 1754 facili
889 1714 1149 1768 superaddita
1172 1714 1265 1755 vitis

312 1775 483 1815 diffusos
506 1774 658 1815 hedera
680 1774 802 1815 vestit
823 1775 1000 1828 paHente
1025 1775 1253 1829 corymbos.

313 1835 355 1875 in
379 1835 513 1876 medio
537 1835 619 1875 duo
644 1835 778 1890 signa,
806 1835 969 1885 Conon,
995 1842 1036 1876 et
1059 1836 1150 1889 quis
1174 1837 1252 1876 fuit
1275 1837 1387 1885 alter,

312 1896 527 1950 descripsit
549 1895 663 1936 radio
687 1902 817 1937 totum
841 1896 910 1948 qui
933 1896 1123 1951 gentibus
1148 1897 1300 1945 orbem,

312 1965 495 2011 tempora
518 1971 623 2009 quae
646 1970 821 2005 messor,
846 1970 951 2009 quae
975 1971 1124 1998 curvus
1149 1964 1282 1998 arator
1303 1957 1488 2006 haberet3

310 2018 485 2058 necdum
508 2017 587 2058 illis
610 2017 725 2058 labra
747 2017 927 2067 admovi,
954 2018 1027 2059 sed
1050 2019 1212 2059 condita
1236 2033 1366 2060 servo.

311 2079 367 2119 D.
397 2078 455 2119 Et
477 2078 595 2119 nobis
619 2078 728 2119 idem
751 2077 998 2119 Alcimedon
1020 2079 1101 2120 duo
1125 2079 1272 2133 pocula
1294 2079 1403 2128 feeit,

312 2145 352 2180 61
374 2139 487 2180 1110111
510 2139 662 2181 circum
686 2145 748 2180 est
771 2154 892 2181 ansas
917 2139 1129 2194 amplexus
1154 2140 1338 2190 acantho,

314 2199 562 2254 Orpheaque
585 2200 628 2241 in
651 2200 784 2241 medio
807 2200 944 2254 posuit
968 2201 1172 2254 silvasque
1198 2202 1417 2254 sequentis.

311 2261 486 2302 necdum
509 2261 588 2302 illis
613 2261 728 2302 labra
752 2261 932 2310 admovi,
959 2262 1032 2302 sed
1056 2263 1218 2303 condita
1241 2277 1372 2304 servo.

313 2322 348 2363 si
371 2322 424 2362 ad
446 2322 616 2363 vitulam
642 2328 819 2376 spectas,
844 2322 944 2362 nihil
969 2328 1049 2372 est,
1075 2323 1185 2376 quod
1207 2323 1356 2378 pocula
1379 2323 1534 2364 laudes.

311 2383 373 2424 M.
403 2382 623 2436 Nunquam
645 2383 765 2424 hodie
790 2383 982 2438 effugies:
1011 2384 1190 2434 veniam,
1216 2398 1458 2438 quocunque
1481 2385 1649 2425 vocaris.

312 2444 450 2485 audiat
471 2444 573 2485 haec
597 2451 771 2494 tantum,
797 2445 862 2485 vel
886 2445 956 2498 qui
978 2445 1106 2495 venit,
1133 2459 1245 2495 ecce,
1269 2445 1504 2486 Palaemon.

312 2505 488 2546 efficiam
510 2511 604 2560 post
627 2505 721 2555 hac,
746 2520 798 2546 ne
822 2520 1068 2559 quemquam
1090 2520 1191 2547 voce
1214 2506 1404 2547 lacessas.

311 2565 366 2605 D.
399 2565 511 2618 Quin
533 2581 628 2621 age,
654 2567 789 2620 siquid
811 2566 956 2616 habes,
980 2567 1024 2607 in
1046 2581 1111 2608 me
1135 2581 1248 2608 mora
1270 2581 1352 2607 non
1375 2566 1448 2606 erit
1471 2565 1565 2614 ulla,

312 2640 387 2666 nec
410 2640 656 2679 quemquam
680 2628 813 2683 fugio:
839 2634 1014 2678 tantum,
1038 2628 1170 2669 vicine
1192 2627 1426 2675 Palaemon,

314 2686 501 2727 sensibus
524 2687 626 2727 haec
649 2688 759 2738 imis,
784 2704 849 2730 res
874 2695 936 2731 est
958 2703 1040 2730 non
1062 2703 1205 2743 parva,
1231 2702 1415 2742 reponas.
