1748 3048
322 316 394 348 ‘le
400 319 415 348 1
884 316 1092 342 PnAnrArio

323 414 405 449 ticis
414 441 423 458 ,
445 413 522 458 qui,
541 415 583 447 ut
596 412 690 446 solet
702 410 781 445 fieri
794 419 916 444 errore
932 409 1045 443 semel
1058 408 1268 454 commissu,
1283 410 1376 445 adeo
1390 411 1485 456 lapsi
1499 418 1600 455 sunt,
1614 417 1652 447 ut

322 465 482 499 vetulam
495 463 533 497 M
536 462 686 497 .Antoni
691 461 701 494 i
715 460 868 495 amicam
882 462 968 494 ante
980 459 1134 493 Fulviae
1147 459 1294 504 nuptias
1308 460 1505 505 dimissam,
1520 461 1652 507 Cythe-

321 513 437 548 ridem
448 512 608 555 mimam,
623 509 808 546 Volumnii
820 507 1011 552 Eutrapeli
1023 507 1209 552 libertam,
1221 508 1443 554 Lycoridem
1457 510 1558 545 Galli
1570 522 1652 546 esse

322 563 471 597 vellent.
497 561 605 603 Quod
618 560 675 594 vel
689 559 785 593 hanc
798 558 846 593 ob
861 567 1030 592 caussam
1040 556 1267 592 reiciendum
1277 557 1437 603 videtur,
1451 560 1551 604 quod
1565 561 1652 594 duo-

320 612 390 646 bus
410 611 505 645 fietis
522 609 731 644 nominibus
750 607 853 642 nulla
864 606 994 642 mulier
1005 607 1173 642 Romana
1184 618 1253 642 usa
1270 610 1337 642 est.
1383 607 1517 643 Omnes
1531 613 1653 644 autem

321 660 572 704 difficultates,
587 669 681 704 quae
696 658 786 693 satis
799 668 955 702 magnae
969 656 1105 691 suntin
1116 656 1190 691 hoc
1203 657 1379 702 carmine,
1392 658 1503 693 facile
1517 659 1652 701 solves,

321 712 352 746 si
366 711 418 745 sic
429 720 570 745 mecum
584 707 776 752 statueris,
802 705 1004 752 significari
1017 717 1039 741 a
1049 706 1216 752 Vergilio
1236 706 1374 753 elegias
1389 707 1490 743 Galli
1500 708 1652 753 Lycori-

320 762 376 795 dis
394 759 540 794 nomine
559 757 755 802 insignitas
774 760 1022 802 quattuorque
1045 755 1294 790 voluminibus
1313 757 1597 801 comprehensas
1616 761 1654 792 et

319 821 452 855 magna
470 809 568 843 fama
585 807 818 851 nobilitatae,
844 816 998 851 quorum
1016 816 1127 839 unum
1147 806 1344 841 alterumve
1360 818 1392 841 a.
1406 806 1481 842 715.
1500 808 1651 842 seorsim

320 860 456 894 editum
470 869 552 893 esse
564 857 695 902 potuit.

386 910 415 952 ξ.
433 908 465 942 3.
501 907 650 943 Nullum
669 909 792 941 autem
810 905 993 939 difficilius
1011 906 1060 940 ad
1077 905 1356 950 intelligendum
1375 910 1434 941 est
1451 917 1543 951 opus
1562 907 1651 942 Ver-

319 958 397 1004 gilii
412 957 498 992 etin
513 967 585 1002 quo
598 955 746 1001 partim,
773 954 920 1000 opinor,
946 954 1062 999 ipsius
1074 958 1207 1000 poetae
1219 955 1354 1000 partim
1366 960 1529 991 veterum
1542 956 1649 992 inter-

319 1012 461 1054 pretum
475 1007 583 1051 culpa
596 1005 713 1050 magis
727 1006 881 1040 haereas
895 1015 1003 1050 quam
1015 1004 1105 1039 Bue
1115 1015 1135 1039 o
1146 1004 1205 1039 lie
1214 1015 1268 1040 on
1286 1004 1392 1050 liber,
1407 1005 1452 1040 de
1467 1016 1540 1050 quo
1553 1016 1654 1041 nunc.

319 1056 537 1102 explicatius
563 1055 736 1089 dicemus.
788 1053 964 1088 Habebat
982 1064 1070 1089 sane
1088 1053 1196 1089 Polio
1215 1064 1282 1088 cur
1296 1054 1500 1099 Vergilium
1520 1055 1568 1089 ad
1585 1054 1651 1090 bu-

320 1107 439 1142 colica
463 1105 658 1140 scribenda
682 1103 896 1148 impelleret.
943 1104 1036 1139 Nam
1054 1108 1095 1138 ut
1112 1103 1144 1137 is
1160 1103 1198 1138 in
1218 1102 1344 1140 Culice
1362 1103 1580 1149 Moretoque
1597 1104 1650 1139 in—

321 1156 463 1202 signem
474 1155 570 1189 vitae
583 1153 743 1188 rusticae
761 1164 922 1188 amorem
941 1153 1184 1199 subtilemque
1204 1153 1282 1188 eius
1300 1153 1467 1189 notitiam
1485 1165 1650 1198 compro—

321 1200 491 1249 bav‘erat,
521 1204 574 1238 ita
598 1214 673 1238 non
698 1202 941 1237 dubitandum
964 1202 1126 1248 videtur,
1158 1202 1246 1248 quin
1270 1202 1466 1238 manifesta
1493 1203 1650 1238 Alexan·

321 1255 506 1289 drinorum
517 1257 708 1298 poetarum
721 1252 873 1287 imitatio
887 1252 925 1286 in
937 1252 1066 1287 iisdem
1079 1252 1300 1298 apparuerit.
1331 1252 1423 1287 Nam
1435 1264 1504 1287 nec
1518 1254 1651 1288 desunt

321 1304 517 1338 etiamnum
528 1300 685 1346 vestigia
696 1301 804 1336 huius
827 1302 1042 1337 imitationis
1066 1303 1104 1337 in
1126 1302 1291 1347 reliquiis
1315 1302 1563 1347 Euphorionis
1587 1303 1650 1337 ad-

320 1354 467 1387 modum
479 1352 664 1396 tenuibus,
679 1355 717 1398 et
727 1350 803 1386 veri
816 1352 915 1386 haud
929 1351 1104 1387 dissimile
1116 1362 1211 1395 reor,
1226 1352 1257 1386 si
1268 1352 1455 1396 Vergilius
1468 1355 1506 1387 et
1520 1352 1649 1387 Gallus

320 1402 445 1437 Tullio
464 1401 728 1446 innotuissent,
753 1401 850 1436 hunc
869 1412 934 1436 eos
952 1402 1047 1436 inter
1059 1401 1307 1447 Euphorionis
1326 1405 1496 1436 cantores
1513 1402 1650 1447 pariter

318 1453 519 1487 relaturum
532 1451 646 1486 fuisse
660 1455 772 1496 atque
787 1449 957 1495 Cinnam,
981 1455 1023 1486 ut
1036 1452 1184 1496 opinor,
1210 1462 1377 1497 quosque
1395 1451 1489 1486 alios
1501 1452 1574 1486 hoc
1585 1462 1648 1486 no—

318 1502 414 1537 mine
437 1501 561 1535 irrisit.
605 1500 849 1536 Pastorieium
873 1504 994 1536 autem
1019 1512 1165 1536 carmen
1190 1512 1300 1546 quum
1324 1501 1371 1536 ab
1389 1501 1649 1536 Alexandrinis

316 1551 516 1595 praecipue
530 1551 714 1585 excultum
728 1550 787 1595 sit,
800 1550 931 1585 habuit
941 1550 1129 1595 Vergilius
1143 1550 1392 1595 Theocritum,
1406 1550 1445 1585 in
1458 1550 1561 1585 euius
1573 1550 1648 1584 imi-

318 1600 493 1635 tationem
518 1610 600 1635 sese
626 1603 872 1644 componeret.
920 1599 1036 1641 Quem
1058 1611 1134 1636 non
1152 1611 1333 1645 aequasse
1357 1600 1395 1634 in
1418 1600 1489 1635 hoe
1513 1610 1649 1644 genere

318 1649 487 1684 carminis
496 1675 505 1693 ,
519 1649 679 1684 fortasse
691 1660 738 1684 ne
750 1649 911 1684 voluisse
925 1649 1071 1694 quidem
1079 1675 1089 1695 ,
1105 1650 1308 1684 mirandum
1321 1661 1397 1685 non
1409 1653 1468 1685 est
1477 1654 1649 1695 reputan-

316 1699 416 1733 tibus
441 1702 478 1733 et
501 1698 683 1734 diversam
705 1698 896 1744 utriusque
921 1699 1070 1744 linguae
1095 1699 1365 1743 condicionem,
1390 1703 1428 1735 et
1444 1701 1544 1746 quod
1562 1701 1649 1735 adu-

318 1749 461 1782 lescens
480 1748 691 1793 primusque
703 1748 742 1782 id
753 1748 864 1783 Latio
879 1748 1058 1793 ostendit,
1083 1760 1268 1795 aususque
1282 1754 1339 1784 est
1353 1750 1450 1785 inter
1461 1750 1649 1785 turbulen-

317 1797 458 1831 tissima
477 1801 641 1841 tempora
653 1797 706 1831 rei
718 1797 889 1841 publicae
908 1798 954 1833 de
971 1799 1079 1833 bonis
1093 1799 1240 1844 vitaque
1260 1799 1387 1834 anxius
1406 1810 1451 1835 ac
1470 1799 1649 1834 sollicitus

318 1850 543 1891 coactusque
567 1847 682 1881 multa
704 1847 865 1882 inserere
889 1848 937 1882 ad
961 1848 1190 1883 voluntatem
1218 1850 1423 1894 potentium
1448 1850 1648 1884 amicorum

319 1895 389 1930 sibi
403 1895 671 1930 conciliandam
680 1921 690 1940 ,
710 1906 804 1941 quae
817 1897 1060 1932 abhorrerent
1071 1908 1094 1932 a
1107 1898 1341 1943 simplicitate
1355 1899 1524 1933 carminis
1537 1900 1648 1934 buco-

319 1944 389 1979 lici.
435 1944 517 1985 Qua
534 1955 573 1979 re
586 1955 632 1979 ne
645 1955 668 1979 a
679 1945 865 1980 veteribus
885 1945 1032 1990 quidem
1050 1947 1172 1982 omnia
1183 1948 1276 1982 haec
1290 1948 1451 1983 carmina
1461 1959 1529 1992 pro
1542 1948 1648 1982 rusti—

319 1995 371 2030 cis
389 1995 519 2029 habita
537 1998 639 2038 sunt,
670 1994 738 2029 abs
758 1995 890 2040 quibus
909 1995 1020 2040 longe
1044 1995 1198 2031 dissidet
1215 1997 1419 2043 allegorica
1442 1998 1507 2032 illa
1525 1997 1648 2032 elocu-

316 2044 427 2079 tionis
439 2044 553 2089 ratio,
579 2055 652 2089 qua
663 2055 770 2078 usum
789 2055 869 2079 esse
882 2044 1065 2079 interdum
1077 2045 1283 2091 Vergilium
1302 2046 1391 2081 satis
1405 2047 1551 2092 quidem
1565 2058 1648 2081 eon-

317 2099 403 2131 stat.
450 2095 686 2138 Quantopere
702 2105 785 2129 vero
804 2094 1040 2139 ineptiverint
1051 2095 1089 2130 in
1101 2095 1158 2130 his
1172 2096 1415 2131 allusionibus
1428 2097 1648 2141 indagandis

317 2150 460 2180 veteres
476 2148 783 2178 commentatores
797 2144 869 2178 dici
883 2144 941 2178 vix
953 2149 1087 2188 potest.
1124 2145 1354 2191 Quamquam
1367 2146 1564 2181 verendum
1579 2150 1647 2190 est,

315 2206 362 2230 nc
378 2196 488 2239 vulgo
500 2205 630 2239 parum
643 2197 823 2228 attentum
843 2193 892 2228 sit
901 2195 939 2228 in
952 2194 1091 2230 Donati
1103 2196 1233 2239 verba,
1259 2197 1411 2230 bucolica
1425 2197 1648 2241 yeorqicaque

316 2245 513 2279 emendavit.
559 2243 687 2278 Facile
700 2243 795 2278 enim
808 2244 887 2278 fieri
905 2244 1043 2289 potuit,
1068 2249 1110 2279 ut
1120 2250 1248 2290 poeta,
1269 2257 1342 2291 qua
1353 2245 1464 2281 nimia
1477 2249 1557 2280 erat
1569 2245 1649 2280 dili-

317 2294 459 2339 gentia,
483 2293 591 2339 plura
607 2293 645 2327 in
663 2293 780 2328 altera
800 2293 960 2329 editione
980 2295 1039 2330 vel
1056 2295 1264 2330 immutaret
1282 2296 1342 2330 vel
1355 2298 1569 2330 extenuaret
1581 2295 1648 2329 tol-

317 2343 499 2388 leretque,
524 2352 679 2387 quorum
703 2342 827 2388 aliqua
844 2343 881 2377 in
901 2343 1052 2378 scholiis
1077 2344 1259 2389 superfuit
1281 2344 1381 2379 fama
1398 2356 1442 2379 ac
1465 2343 1649 2379 memoria.

317 2391 384 2427 Cui
398 2391 545 2437 quidem
561 2391 616 2426 rei
628 2391 780 2426 multum
792 2392 904 2427 tribui
916 2393 1046 2428 nolim:
1070 2405 1154 2428 nam
1165 2405 1212 2428 ne
1226 2393 1488 2438 antiquissimis
1503 2393 1649 2438 quidem

318 2442 543 2487 temporibus
557 2441 768 2487 defuerunt,
784 2442 846 2488 qui
860 2443 1040 2488 simplicia
1050 2444 1280 2489 praeferrent
1300 2444 1477 2479 contortis
1490 2448 1528 2477 et
1540 2453 1648 2488 quae-

318 2491 408 2526 sitis.
430 2491 556 2527 Veluti
568 2492 755 2527 sententia
767 2503 910 2538 eorum,
924 2493 1036 2539 quiin
1050 2494 1118 2528 ecl.
1130 2495 1175 2531 V.
1188 2494 1423 2538 Daphnidem
1435 2503 1502 2537 pro
1514 2496 1647 2537 poetae

316 2539 447 2584 fratre,
469 2541 625 2586 Flacco,
651 2541 902 2587 accipiebant,
926 2544 1025 2588 apud
1039 2542 1205 2578 Servium
1221 2543 1339 2588 primo
1359 2543 1442 2576 loco
1456 2541 1578 2586 posita
1591 2547 1647 2576 est

318 2592 355 2623 et
365 2589 512 2634 merito,
537 2591 568 2624 si
587 2591 674 2636 quid
695 2592 815 2637 sapio:
841 2596 969 2628 contra
982 2605 1076 2639 quae
1088 2604 1186 2628 nunc
1198 2594 1297 2628 valet
1316 2593 1437 2637 opinio
1452 2592 1499 2627 ab
1512 2591 1646 2626 Iunilio

316 2638 467 2682 Flagrio
481 2638 636 2684 aliisque
648 2641 830 2677 uberrime
844 2643 1011 2686 exposita
1022 2643 1060 2678 in
1074 2642 1112 2677 C.
1127 2642 1372 2678 Gu.Muelleri
1385 2641 1645 2676 Analectorum

315 2687 555 2722 Bernensium
577 2689 707 2733 partic.
731 2691 797 2724 111.
816 2691 960 2726 Bernae
979 2691 1077 2726 1841.
1103 2691 1203 2726 edita
1226 2695 1264 2726 et
1282 2702 1303 2726 a
1321 2691 1365 2725 R.
1382 2690 1586 2725 Klausenio
1609 2690 1646 2725 in

317 2736 411 2771 libro
431 2737 475 2771 de
494 2736 621 2772 Aenea
639 2741 676 2772 et
687 2739 890 2774 Penatibus
909 2752 945 2785 p.
956 2740 1024 2775 530
1037 2752 1093 2786 sq.
1110 2741 1245 2786 optime
1264 2746 1457 2785 exornata,
1485 2741 1552 2775 sub
1571 2739 1645 2773 Da-
