1748 3048
234 493 275 522 65

235 794 274 821 70

235 1097 273 1125 75

232 1398 274 1428 30

232 1699 273 1730 85

233 1996 274 2026 90

305 310 356 351 14
700 318 741 351 Ρ.
759 316 988 353 VERGILII
1006 315 1228 353 MARONIS

300 420 389 474 ipsa
413 426 557 460 sonant
581 417 745 458 arbusta
770 417 914 468 „deus,
939 417 1040 457 deus
1063 417 1142 466 ille,
1167 416 1406 458 Menalca!“

301 480 356 520 sis
380 480 510 520 bonus
534 493 558 519 o
582 478 760 530 felixque
784 476 882 517 tuis!
908 491 960 517 en
982 483 1172 530 quattuor
1195 493 1303 518 aras:

300 554 394 580 ecce
418 540 519 579 duas
544 538 634 587 tibi,
657 537 845 594 Daphni,
871 537 972 578 duas
997 537 1138 578 altaria
1160 537 1341 579 Phoebo.

299 600 444 654 pocula
466 599 562 640 bina
583 612 691 639 novo
715 598 944 652 spumantia
967 598 1070 639 lacte
1093 605 1192 651 quot
1217 599 1332 639 annis

299 666 554 712 craterasque
578 659 659 699 duo
684 665 860 699 statuam
884 658 957 699 tibi
979 659 1143 713 pinguis
1168 659 1275 708 olivi,

299 726 338 760 ct
362 719 488 760 multo
511 720 553 760 in
575 719 715 773 primis
739 719 915 760 hilarans
940 720 1126 760 convivia
1148 719 1325 768 Baccho,

298 786 390 821 ante
414 780 569 830 focum,
595 780 629 821 si
652 780 782 835 frigus
807 780 898 829 erit,
925 780 958 820 si
982 780 1146 829 messis,
1170 781 1214 821 in
1236 779 1391 828 umbra,

300 841 392 881 vina
414 855 566 882 novum
589 841 757 882 fundam
781 841 949 882 calathis
973 839 1142 882 Ariusia
1164 847 1313 882 nectar.

298 902 517 943 cantabunt
540 902 639 943 mihi
660 902 884 943 Damoetas
909 908 949 942 et
971 902 1144 955 Lyctius
1169 901 1337 956 Aegon3

299 962 480 1003 saltantis
507 961 675 1016 Satyros
699 962 921 1003 imitabitur
942 962 1258 1016 Alphesiboeus.

298 1022 399 1064 haec
422 1022 495 1064 tibi
519 1037 678 1077 semper
700 1029 834 1072 erunt,
860 1029 900 1064 et
923 1037 1017 1064 cum
1041 1023 1252 1064 sollemnia
1275 1029 1370 1064 vota

298 1083 513 1125 reddemus
536 1083 755 1138 Nymphis,
781 1090 820 1125 et
843 1098 936 1125 cum
958 1083 1220 1125 lustrabimus
1245 1098 1378 1138 agros.

298 1144 396 1185 dum
418 1145 515 1200 iuga
538 1146 685 1186 montis
710 1159 823 1199 aper,
848 1145 993 1186 fluvios
1018 1145 1115 1184 dum
1138 1144 1262 1198 piscis
1287 1143 1451 1190 amabit,

298 1205 475 1258 dumque
499 1206 638 1260 thymo
661 1211 878 1259 pascentur
901 1219 1017 1259 apes,
1043 1205 1142 1245 dum
1163 1218 1252 1245 rore
1277 1204 1452 1251 cicadae,

299 1280 458 1319 semper
480 1266 609 1307 honos
633 1280 862 1319 nomenque
885 1271 1001 1306 tuum
1023 1265 1246 1318 laudesque
1269 1264 1502 1305 manebunt.

299 1333 343 1366 ut
364 1325 530 1367 Baccho
556 1325 793 1379 Cererique,
819 1326 892 1367 tibi
916 1326 975 1367 sic
998 1332 1094 1366 vota
1116 1331 1214 1378 quot
1237 1325 1353 1366 annis

298 1387 499 1441 agricolae
524 1387 689 1428 facient:
714 1386 926 1428 damnabis
950 1393 995 1427 tu
1018 1399 1179 1439 quoque
1202 1385 1321 1426 votis.

353 1446 440 1488 Mo.
473 1446 590 1499 Quae
614 1447 705 1496 tibi,
730 1461 835 1500 quae
859 1447 929 1488 tali
951 1447 1119 1487 reddam
1141 1460 1215 1500 pro
1240 1445 1418 1486 carmine
1443 1445 1573 1486 dona?

296 1522 391 1548 nam
413 1522 545 1561 neque
569 1522 635 1549 me
658 1514 815 1549 tantum
838 1508 1036 1549 venientis
1061 1507 1203 1548 sibilus
1228 1506 1366 1554 austri,

297 1581 371 1608 nec
394 1582 589 1622 percussa
610 1568 752 1609 iuvant
773 1568 900 1609 fluctu
923 1574 1007 1609 tam
1029 1568 1163 1616 litora,
1187 1581 1263 1608 nec
1285 1581 1390 1619 quae

298 1643 467 1669 saxosas
490 1628 594 1669 inter
616 1629 835 1670 decurrunt
858 1629 1026 1669 flumina
1048 1628 1188 1669 valles.
1253 1651 1264 1657 ·

298 1688 382 1729 Me.
413 1688 507 1730 Hac
531 1694 570 1730 te
593 1703 668 1730 nos
693 1689 828 1744 fragili
851 1689 1092 1730 donabimus
1117 1694 1210 1739 ante
1234 1688 1376 1728 cicuta.

298 1749 398 1789 haec
421 1763 496 1789 nos
523 1749 773 1799 „formosum
797 1749 991 1804 Corydon
1014 1748 1181 1790 ardebat
1204 1747 1409 1796 Alexim,“

297 1809 397 1849 haec
420 1809 563 1850 eadem
586 1810 724 1850 docuit
747 1810 910 1860 „cuium
933 1809 1084 1863 pecus?
1108 1824 1161 1850 an
1184 1808 1428 1850 Meliboei?“

297 1868 382 1909 Mo.
413 1868 473 1909 At
496 1875 541 1909 tu
565 1884 679 1909 sume
702 1870 871 1923 pedum,
896 1870 1024 1922 quod,
1049 1884 1115 1909 me
1139 1883 1232 1910 cum
1257 1883 1377 1922 saepe
1400 1879 1574 1923 rogaret,

298 1944 379 1970 non
403 1929 492 1970 tulit
514 1928 763 1984 Antigenes,
788 1955 843 1960 —
867 1936 908 1971 et
930 1936 1015 1971 erat
1038 1935 1125 1970 tum
1149 1930 1296 1983 dignus
1322 1930 1448 1969 amari
1472 1954 1523 1958 —-

299 1989 522 2031 formosum
544 1990 710 2044 paribus
735 1990 854 2032 nodis
879 1996 1000 2044 atque
1024 2004 1136 2039 aere,
1162 1989 1364 2030 Menalca.

928 2166 1004 2208 VI.

826 2284 1113 2324 VARUS.

356 2414 494 2455 Prima
520 2414 736 2469 Syracosio
761 2415 928 2470 dignata
951 2420 1013 2455 est
1035 2414 1174 2454 ludere
1198 2428 1319 2454 versu

299 2483 455 2525 nostra,
480 2490 612 2529 neque
636 2476 796 2517 erubuit
820 2476 942 2517 silvas
966 2475 1166 2524 habitare,
1192 2474 1349 2515 Thalia.

301 2550 394 2576 cum
418 2551 604 2578 canerem
625 2551 743 2591 reges
767 2543 808 2578 et
830 2536 1000 2591 proelia,
1028 2535 1231 2589 Cynthius
1256 2548 1395 2575 aurem
1437 2587 1445 2591 ᾖ

302 2596 411 2636 vellit
434 2604 473 2637 et
496 2598 722 2639 admonuit:
749 2603 996 2651 „pastorem,
1021 2596 1181 2650 Tityre,
1204 2594 1366 2649 pinguis

257 2671 276 2699 5
300 2670 465 2709 pascere
490 2664 647 2711 oportet
670 2673 786 2707 oves,
812 2659 1032 2699 deductum
1055 2658 1188 2698 dicere
1211 2657 1412 2695 carmen.“

300 2730 407 2756 nunc
431 2730 508 2770 ego
534 2742 586 2746 —
609 2733 783 2771 namque
809 2733 930 2772 super
953 2718 1026 2759 tibi
1049 2722 1182 2765 erunt,
1207 2715 1277 2768 qui
1300 2715 1432 2755 dicere
1455 2714 1608 2763 laudes,
