<?xml version="1.0" encoding="UTF-8"?>
<!DOCTYPE html PUBLIC "-//W3C//DTD XHTML 1.0 Transitional//EN"
    "http://www.w3.org/TR/xhtml1/DTD/xhtml1-transitional.dtd">
<html xmlns="http://www.w3.org/1999/xhtml" xml:lang="en" lang="en">
 <head>
  <title>
</title>
<meta http-equiv="Content-Type" content="text/html;charset=utf-8" />
  <meta name='ocr-system' content='tesseract 3.04.00' />
  <meta name='ocr-capabilities' content='ocr_page ocr_carea ocr_par ocr_line ocrx_word'/>
</head>
<body>
  <div class='ocr_page' id='page_1' title='image "./operavirg00virguoft/operavirg00virguoft_0259.png"; bbox 0 0 1774 3068; ppageno 0'>
   <div class='ocr_carea' id='block_1_1' title="bbox 552 281 1033 320">
    <p class='ocr_par' dir='ltr' id='par_1_1' title="bbox 552 281 1033 320">
     <span class='ocr_line' id='line_1_1' title="bbox 552 281 1033 320; baseline -0.006 0"><span class='ocrx_word' id='word_1_1' title='bbox 552 281 812 320; x_wconf 88' lang='lat' dir='ltr'>AENEIDOS</span> <span class='ocrx_word' id='word_1_2' title='bbox 837 282 935 318; x_wconf 91' lang='lat' dir='ltr'><strong>LIB.</strong></span> <span class='ocrx_word' id='word_1_3' title='bbox 948 283 1033 319; x_wconf 89' lang='lat' dir='ltr'>VII.</span> 
     </span>
    </p>
   </div>
   <div class='ocr_carea' id='block_1_2' title="bbox 104 384 1379 2838">
    <p class='ocr_par' dir='ltr' id='par_1_2' title="bbox 107 384 1237 694">
     <span class='ocr_line' id='line_1_2' title="bbox 109 384 1082 443; baseline -0.006 -11"><span class='ocrx_word' id='word_1_4' title='bbox 109 389 184 432; x_wconf 85' lang='lat' dir='ltr'>sed</span> <span class='ocrx_word' id='word_1_5' title='bbox 206 387 315 431; x_wconf 86' lang='lat' dir='ltr'>ferro</span> <span class='ocrx_word' id='word_1_6' title='bbox 339 386 508 443; x_wconf 85' lang='lat' dir='ltr'>ancipiti</span> <span class='ocrx_word' id='word_1_7' title='bbox 531 386 777 436; x_wconf 90' lang='lat' dir='ltr'>decernunt,</span> <span class='ocrx_word' id='word_1_8' title='bbox 803 391 975 439; x_wconf 89' lang='lat' dir='ltr'>atraque</span> <span class='ocrx_word' id='word_1_9' title='bbox 997 384 1082 427; x_wconf 91' lang='lat' dir='ltr'>late</span> 
     </span>
     <span class='ocr_line' id='line_1_3' title="bbox 107 446 1237 504; baseline -0.005 -10"><span class='ocrx_word' id='word_1_10' title='bbox 107 450 307 494; x_wconf 81' lang='lat' dir='ltr'><strong>horrescit</strong></span> <span class='ocrx_word' id='word_1_11' title='bbox 330 449 482 492; x_wconf 89' lang='lat' dir='ltr'>strictis</span> <span class='ocrx_word' id='word_1_12' title='bbox 508 462 630 504; x_wconf 89' lang='lat' dir='ltr'>seges</span> <span class='ocrx_word' id='word_1_13' title='bbox 655 446 845 498; x_wconf 82' lang='lat' dir='ltr'><strong>ensibus,</strong></span> <span class='ocrx_word' id='word_1_14' title='bbox 870 461 1049 502; x_wconf 88' lang='lat' dir='ltr'>aeraque</span> <span class='ocrx_word' id='word_1_15' title='bbox 1073 446 1237 504; x_wconf 76' lang='lat' dir='ltr'><strong>fulgent</strong></span> 
     </span>
     <span class='ocr_line' id='line_1_4' title="bbox 109 508 1096 559; baseline -0.006 -4"><span class='ocrx_word' id='word_1_16' title='bbox 109 512 196 556; x_wconf 86' lang='lat' dir='ltr'>sole</span> <span class='ocrx_word' id='word_1_17' title='bbox 217 511 411 554; x_wconf 84' lang='lat' dir='ltr'>lacessita</span> <span class='ocrx_word' id='word_1_18' title='bbox 435 517 476 553; x_wconf 93' lang='lat' dir='ltr'>et</span> <span class='ocrx_word' id='word_1_19' title='bbox 498 510 636 552; x_wconf 92' lang='lat' dir='ltr'>lucem</span> <span class='ocrx_word' id='word_1_20' title='bbox 659 508 739 552; x_wconf 87' lang='lat' dir='ltr'>sub</span> <span class='ocrx_word' id='word_1_21' title='bbox 762 508 907 551; x_wconf 87' lang='lat' dir='ltr'>nubila</span> <span class='ocrx_word' id='word_1_22' title='bbox 928 508 1096 559; x_wconf 75' lang='lat' dir='ltr'>iactant,</span> 
     </span>
     <span class='ocr_line' id='line_1_5' title="bbox 107 570 1176 629; baseline -0.005 -12"><span class='ocrx_word' id='word_1_23' title='bbox 107 575 256 618; x_wconf 88' lang='lat' dir='ltr'>fluctus</span> <span class='ocrx_word' id='word_1_24' title='bbox 280 574 342 615; x_wconf 82' lang='lat' dir='ltr'>uti</span> <span class='ocrx_word' id='word_1_25' title='bbox 364 573 497 629; x_wconf 90' lang='lat' dir='ltr'>primo</span> <span class='ocrx_word' id='word_1_26' title='bbox 522 571 658 628; x_wconf 87' lang='lat' dir='ltr'>coepit</span> <span class='ocrx_word' id='word_1_27' title='bbox 681 585 777 614; x_wconf 92' lang='lat' dir='ltr'>cum</span> <span class='ocrx_word' id='word_1_28' title='bbox 800 570 1011 613; x_wconf 80' lang='lat' dir='ltr'>albescere</span> <span class='ocrx_word' id='word_1_29' title='bbox 1034 576 1176 627; x_wconf 89' lang='lat' dir='ltr'>ponto,</span> 
     </span>
     <span class='ocr_line' id='line_1_6' title="bbox 107 633 1077 694; baseline -0.005 -15"><span class='ocrx_word' id='word_1_30' title='bbox 107 636 321 694; x_wconf 85' lang='lat' dir='ltr'>paullatim</span> <span class='ocrx_word' id='word_1_31' title='bbox 347 649 439 677; x_wconf 87' lang='lat' dir='ltr'>sese</span> <span class='ocrx_word' id='word_1_32' title='bbox 463 634 570 677; x_wconf 89' lang='lat' dir='ltr'>tollit</span> <span class='ocrx_word' id='word_1_33' title='bbox 591 647 706 676; x_wconf 88' lang='lat' dir='ltr'>mare</span> <span class='ocrx_word' id='word_1_34' title='bbox 730 641 772 675; x_wconf 88' lang='lat' dir='ltr'>et</span> <span class='ocrx_word' id='word_1_35' title='bbox 795 633 918 675; x_wconf 82' lang='lat' dir='ltr'>altius</span> <span class='ocrx_word' id='word_1_36' title='bbox 942 633 1077 675; x_wconf 90' lang='lat' dir='ltr'>undas</span> 
     </span>
    </p>

    <p class='ocr_par' dir='ltr' id='par_1_3' title="bbox 108 694 1150 755">
     <span class='ocr_line' id='line_1_7' title="bbox 108 694 1150 755; baseline -0.004 -15"><span class='ocrx_word' id='word_1_37' title='bbox 108 698 247 755; x_wconf 85' lang='lat' dir='ltr'>erigit,</span> <span class='ocrx_word' id='word_1_38' title='bbox 271 698 369 740; x_wconf 89' lang='lat' dir='ltr'>inde</span> <span class='ocrx_word' id='word_1_39' title='bbox 391 697 476 739; x_wconf 91' lang='lat' dir='ltr'>imo</span> <span class='ocrx_word' id='word_1_40' title='bbox 500 695 715 752; x_wconf 82' lang='lat' dir='ltr'>consurgit</span> <span class='ocrx_word' id='word_1_41' title='bbox 737 695 792 737; x_wconf 81' lang='lat' dir='ltr'>ad</span> <span class='ocrx_word' id='word_1_42' title='bbox 815 694 984 738; x_wconf 82' lang='lat' dir='ltr'>aethera</span> <span class='ocrx_word' id='word_1_43' title='bbox 1006 694 1150 737; x_wconf 85' lang='lat' dir='ltr'>fundo.</span> 
     </span>
    </p>

    <p class='ocr_par' dir='ltr' id='par_1_4' title="bbox 104 757 1279 1297">
     <span class='ocr_line' id='line_1_8' title="bbox 106 757 1245 815; baseline -0.004 -13"><span class='ocrx_word' id='word_1_44' title='bbox 106 760 175 802; x_wconf 87' lang='lat' dir='ltr'>hic</span> <span class='ocrx_word' id='word_1_45' title='bbox 197 759 358 802; x_wconf 87' lang='lat' dir='ltr'>iuvenis</span> <span class='ocrx_word' id='word_1_46' title='bbox 382 759 558 815; x_wconf 85' lang='lat' dir='ltr'>primam</span> <span class='ocrx_word' id='word_1_47' title='bbox 582 763 678 799; x_wconf 88' lang='lat' dir='ltr'>ante</span> <span class='ocrx_word' id='word_1_48' title='bbox 701 758 833 799; x_wconf 84' lang='lat' dir='ltr'>aciem</span> <span class='ocrx_word' id='word_1_49' title='bbox 859 757 1056 799; x_wconf 87' lang='lat' dir='ltr'>stridente</span> <span class='ocrx_word' id='word_1_50' title='bbox 1080 757 1245 813; x_wconf 90' lang='lat' dir='ltr'>sagitta,</span> 
     </span>
     <span class='ocr_line' id='line_1_9' title="bbox 106 818 1146 877; baseline -0.005 -12"><span class='ocrx_word' id='word_1_51' title='bbox 106 829 298 865; x_wconf 88' lang='lat' dir='ltr'>natorum</span> <span class='ocrx_word' id='word_1_52' title='bbox 322 821 474 877; x_wconf 85' lang='lat' dir='ltr'>Tyrrhi</span> <span class='ocrx_word' id='word_1_53' title='bbox 496 820 634 862; x_wconf 86' lang='lat' dir='ltr'>fuerat</span> <span class='ocrx_word' id='word_1_54' title='bbox 656 819 729 874; x_wconf 92' lang='lat' dir='ltr'>qui</span> <span class='ocrx_word' id='word_1_55' title='bbox 752 819 980 870; x_wconf 83' lang='lat' dir='ltr'>maximus,</span> <span class='ocrx_word' id='word_1_56' title='bbox 1004 818 1146 869; x_wconf 91' lang='lat' dir='ltr'>Almo,</span> 
     </span>
     <span class='ocr_line' id='line_1_10' title="bbox 107 881 1279 938; baseline -0.003 -12"><span class='ocrx_word' id='word_1_57' title='bbox 107 884 320 935; x_wconf 68' lang='lat' dir='ltr'>sternitur-3</span> <span class='ocrx_word' id='word_1_58' title='bbox 344 882 480 925; x_wconf 84' lang='lat' dir='ltr'>haesit</span> <span class='ocrx_word' id='word_1_59' title='bbox 503 882 614 924; x_wconf 90' lang='lat' dir='ltr'>enim</span> <span class='ocrx_word' id='word_1_60' title='bbox 638 881 718 924; x_wconf 92' lang='lat' dir='ltr'>sub</span> <span class='ocrx_word' id='word_1_61' title='bbox 741 887 911 938; x_wconf 85' lang='lat' dir='ltr'>gutture</span> <span class='ocrx_word' id='word_1_62' title='bbox 934 881 1083 923; x_wconf 85' lang='lat' dir='ltr'>volnus</span> <span class='ocrx_word' id='word_1_63' title='bbox 1109 888 1150 923; x_wconf 88' lang='lat' dir='ltr'>et</span> <span class='ocrx_word' id='word_1_64' title='bbox 1174 882 1279 923; x_wconf 82' lang='lat' dir='ltr'>udae</span> 
     </span>
     <span class='ocr_line' id='line_1_11' title="bbox 105 943 1182 1000; baseline -0.004 -12"><span class='ocrx_word' id='word_1_65' title='bbox 105 946 221 989; x_wconf 88' lang='lat' dir='ltr'>vocis</span> <span class='ocrx_word' id='word_1_66' title='bbox 245 946 323 987; x_wconf 89' lang='lat' dir='ltr'>iter</span> <span class='ocrx_word' id='word_1_67' title='bbox 346 951 597 999; x_wconf 87' lang='lat' dir='ltr'>tenuemque</span> <span class='ocrx_word' id='word_1_68' title='bbox 619 943 789 986; x_wconf 79' lang='lat' dir='ltr'>inclusit</span> <span class='ocrx_word' id='word_1_69' title='bbox 813 943 1017 1000; x_wconf 88' lang='lat' dir='ltr'>sanguine</span> <span class='ocrx_word' id='word_1_70' title='bbox 1040 943 1182 985; x_wconf 88' lang='lat' dir='ltr'>vitam.</span> 
     </span>
     <span class='ocr_line' id='line_1_12' title="bbox 106 1003 1237 1064; baseline -0.004 -13"><span class='ocrx_word' id='word_1_71' title='bbox 106 1022 278 1064; x_wconf 85' lang='lat' dir='ltr'>corpora</span> <span class='ocrx_word' id='word_1_72' title='bbox 300 1007 431 1049; x_wconf 88' lang='lat' dir='ltr'>multa</span> <span class='ocrx_word' id='word_1_73' title='bbox 453 1007 590 1048; x_wconf 89' lang='lat' dir='ltr'>virum</span> <span class='ocrx_word' id='word_1_74' title='bbox 613 1006 741 1056; x_wconf 91' lang='lat' dir='ltr'>circa,</span> <span class='ocrx_word' id='word_1_75' title='bbox 767 1006 988 1060; x_wconf 82' lang='lat' dir='ltr'>seniorque</span> <span class='ocrx_word' id='word_1_76' title='bbox 1014 1003 1237 1056; x_wconf 82' lang='lat' dir='ltr'>Galaesus,</span> 
     </span>
     <span class='ocr_line' id='line_1_13' title="bbox 104 1068 1177 1125; baseline -0.002 -14"><span class='ocrx_word' id='word_1_77' title='bbox 104 1070 206 1112; x_wconf 91' lang='lat' dir='ltr'>dum</span> <span class='ocrx_word' id='word_1_78' title='bbox 226 1069 322 1125; x_wconf 90' lang='lat' dir='ltr'>paci</span> <span class='ocrx_word' id='word_1_79' title='bbox 344 1069 528 1111; x_wconf 85' lang='lat' dir='ltr'>medium</span> <span class='ocrx_word' id='word_1_80' title='bbox 552 1083 596 1111; x_wconf 88' lang='lat' dir='ltr'>se</span> <span class='ocrx_word' id='word_1_81' title='bbox 621 1068 761 1118; x_wconf 87' lang='lat' dir='ltr'>offert,</span> <span class='ocrx_word' id='word_1_82' title='bbox 787 1068 1042 1110; x_wconf 90' lang='lat' dir='ltr'>iustissimus</span> <span class='ocrx_word' id='word_1_83' title='bbox 1067 1082 1177 1109; x_wconf 90' lang='lat' dir='ltr'>unus</span> 
     </span>
     <span class='ocr_line' id='line_1_14' title="bbox 104 1129 1120 1186; baseline -0.002 -13"><span class='ocrx_word' id='word_1_84' title='bbox 104 1131 177 1186; x_wconf 90' lang='lat' dir='ltr'>qui</span> <span class='ocrx_word' id='word_1_85' title='bbox 198 1131 278 1173; x_wconf 89' lang='lat' dir='ltr'>fuit</span> <span class='ocrx_word' id='word_1_86' title='bbox 299 1130 588 1185; x_wconf 88' lang='lat' dir='ltr'>Ausoniisque</span> <span class='ocrx_word' id='word_1_87' title='bbox 612 1129 710 1172; x_wconf 91' lang='lat' dir='ltr'>olim</span> <span class='ocrx_word' id='word_1_88' title='bbox 735 1130 965 1172; x_wconf 87' lang='lat' dir='ltr'>ditissimus</span> <span class='ocrx_word' id='word_1_89' title='bbox 990 1129 1120 1171; x_wconf 87' lang='lat' dir='ltr'>arvis:</span> 
     </span>
     <span class='ocr_line' id='line_1_15' title="bbox 104 1191 1167 1250; baseline -0.003 -15"><span class='ocrx_word' id='word_1_90' title='bbox 104 1193 287 1249; x_wconf 91' lang='lat' dir='ltr'>quinque</span> <span class='ocrx_word' id='word_1_91' title='bbox 310 1207 460 1250; x_wconf 89' lang='lat' dir='ltr'>greges</span> <span class='ocrx_word' id='word_1_92' title='bbox 483 1192 544 1235; x_wconf 84' lang='lat' dir='ltr'>illi</span> <span class='ocrx_word' id='word_1_93' title='bbox 567 1191 800 1243; x_wconf 90' lang='lat' dir='ltr'>balantum,</span> <span class='ocrx_word' id='word_1_94' title='bbox 825 1192 954 1246; x_wconf 90' lang='lat' dir='ltr'>quina</span> <span class='ocrx_word' id='word_1_95' title='bbox 975 1191 1167 1233; x_wconf 84' lang='lat' dir='ltr'>redibant</span> 
     </span>
     <span class='ocr_line' id='line_1_16' title="bbox 106 1253 1114 1297; baseline -0.002 0"><span class='ocrx_word' id='word_1_96' title='bbox 106 1261 290 1297; x_wconf 85' lang='lat' dir='ltr'>armenta</span> <span class='ocrx_word' id='word_1_97' title='bbox 313 1261 355 1297; x_wconf 90' lang='lat' dir='ltr'>et</span> <span class='ocrx_word' id='word_1_98' title='bbox 377 1261 528 1297; x_wconf 87' lang='lat' dir='ltr'>terram</span> <span class='ocrx_word' id='word_1_99' title='bbox 552 1259 718 1296; x_wconf 88' lang='lat' dir='ltr'>centum</span> <span class='ocrx_word' id='word_1_100' title='bbox 742 1253 930 1296; x_wconf 88' lang='lat' dir='ltr'>vertebat</span> <span class='ocrx_word' id='word_1_101' title='bbox 953 1253 1114 1295; x_wconf 81' lang='lat' dir='ltr'>aratris.</span> 
     </span>
    </p>

    <p class='ocr_par' dir='ltr' id='par_1_5' title="bbox 104 1315 1379 1618">
     <span class='ocr_line' id='line_1_17' title="bbox 162 1315 1355 1372; baseline -0.002 -13"><span class='ocrx_word' id='word_1_102' title='bbox 162 1317 305 1372; x_wconf 91' lang='lat' dir='ltr'>Atque</span> <span class='ocrx_word' id='word_1_103' title='bbox 328 1331 378 1359; x_wconf 91' lang='lat' dir='ltr'>ea</span> <span class='ocrx_word' id='word_1_104' title='bbox 399 1332 475 1372; x_wconf 89' lang='lat' dir='ltr'>per</span> <span class='ocrx_word' id='word_1_105' title='bbox 498 1331 668 1372; x_wconf 88' lang='lat' dir='ltr'>campos</span> <span class='ocrx_word' id='word_1_106' title='bbox 693 1331 828 1370; x_wconf 90' lang='lat' dir='ltr'>aequo</span> <span class='ocrx_word' id='word_1_107' title='bbox 852 1317 954 1358; x_wconf 91' lang='lat' dir='ltr'>dum</span> <span class='ocrx_word' id='word_1_108' title='bbox 976 1315 1117 1358; x_wconf 89' lang='lat' dir='ltr'>Marte</span> <span class='ocrx_word' id='word_1_109' title='bbox 1139 1321 1355 1371; x_wconf 85' lang='lat' dir='ltr'>geruntur,</span> 
     </span>
     <span class='ocr_line' id='line_1_18' title="bbox 105 1377 1379 1435; baseline -0.002 -14"><span class='ocrx_word' id='word_1_110' title='bbox 105 1379 300 1435; x_wconf 82' lang='lat' dir='ltr'>promissi</span> <span class='ocrx_word' id='word_1_111' title='bbox 323 1379 402 1421; x_wconf 88' lang='lat' dir='ltr'>dea</span> <span class='ocrx_word' id='word_1_112' title='bbox 423 1378 536 1420; x_wconf 84' lang='lat' dir='ltr'>facta</span> <span class='ocrx_word' id='word_1_113' title='bbox 557 1384 724 1433; x_wconf 78' lang='lat' dir='ltr'>potenS,</span> <span class='ocrx_word' id='word_1_114' title='bbox 749 1377 823 1420; x_wconf 90' lang='lat' dir='ltr'>ubi</span> <span class='ocrx_word' id='word_1_115' title='bbox 846 1378 1050 1434; x_wconf 87' lang='lat' dir='ltr'>sanguine</span> <span class='ocrx_word' id='word_1_116' title='bbox 1073 1377 1232 1419; x_wconf 91' lang='lat' dir='ltr'>bellum</span> <span class='ocrx_word' id='word_1_117' title='bbox 1376 1403 1379 1405; x_wconf 60' lang='lat'>&gt;</span> 
     </span>
     <span class='ocr_line' id='line_1_19' title="bbox 104 1439 1102 1496; baseline -0.003 -13"><span class='ocrx_word' id='word_1_118' title='bbox 104 1441 254 1483; x_wconf 84' lang='lat' dir='ltr'>imbuit</span> <span class='ocrx_word' id='word_1_119' title='bbox 277 1447 319 1483; x_wconf 90' lang='lat' dir='ltr'>et</span> <span class='ocrx_word' id='word_1_120' title='bbox 339 1441 498 1496; x_wconf 86' lang='lat' dir='ltr'>primae</span> <span class='ocrx_word' id='word_1_121' title='bbox 522 1439 730 1482; x_wconf 86' lang='lat' dir='ltr'>commisit</span> <span class='ocrx_word' id='word_1_122' title='bbox 751 1439 899 1481; x_wconf 89' lang='lat' dir='ltr'>funera</span> <span class='ocrx_word' id='word_1_123' title='bbox 920 1454 1102 1495; x_wconf 89' lang='lat' dir='ltr'>pugnae,</span> 
     </span>
     <span class='ocr_line' id='line_1_20' title="bbox 106 1501 1179 1558; baseline -0.002 -14"><span class='ocrx_word' id='word_1_124' title='bbox 106 1503 259 1545; x_wconf 87' lang='lat' dir='ltr'>deserit</span> <span class='ocrx_word' id='word_1_125' title='bbox 281 1502 533 1558; x_wconf 88' lang='lat' dir='ltr'>Hesperiam</span> <span class='ocrx_word' id='word_1_126' title='bbox 557 1508 599 1543; x_wconf 90' lang='lat' dir='ltr'>et</span> <span class='ocrx_word' id='word_1_127' title='bbox 621 1501 725 1543; x_wconf 91' lang='lat' dir='ltr'>caeli</span> <span class='ocrx_word' id='word_1_128' title='bbox 749 1515 936 1542; x_wconf 81' lang='lat' dir='ltr'>convexa</span> <span class='ocrx_word' id='word_1_129' title='bbox 958 1515 1034 1557; x_wconf 91' lang='lat' dir='ltr'>per</span> <span class='ocrx_word' id='word_1_130' title='bbox 1056 1515 1179 1543; x_wconf 87' lang='lat' dir='ltr'>auras</span> 
     </span>
     <span class='ocr_line' id='line_1_21' title="bbox 105 1562 1020 1618; baseline -0.003 -11"><span class='ocrx_word' id='word_1_131' title='bbox 105 1564 311 1607; x_wconf 90' lang='lat' dir='ltr'>Iunonem</span> <span class='ocrx_word' id='word_1_132' title='bbox 334 1564 482 1606; x_wconf 82' lang='lat' dir='ltr'>victrix</span> <span class='ocrx_word' id='word_1_133' title='bbox 506 1563 671 1605; x_wconf 86' lang='lat' dir='ltr'>adfatur</span> <span class='ocrx_word' id='word_1_134' title='bbox 694 1577 797 1604; x_wconf 88' lang='lat' dir='ltr'>voce</span> <span class='ocrx_word' id='word_1_135' title='bbox 822 1562 1020 1618; x_wconf 84' lang='lat' dir='ltr'>superba:</span> 
     </span>
    </p>

    <p class='ocr_par' dir='ltr' id='par_1_6' title="bbox 105 1624 1359 2782">
     <span class='ocr_line' id='line_1_22' title="bbox 109 1624 1030 1681; baseline -0.003 -13"><span class='ocrx_word' id='word_1_136' title='bbox 109 1641 206 1677; x_wconf 88' lang='lat' dir='ltr'>„en,</span> <span class='ocrx_word' id='word_1_137' title='bbox 230 1626 418 1681; x_wconf 87' lang='lat' dir='ltr'>perfecta</span> <span class='ocrx_word' id='word_1_138' title='bbox 439 1625 516 1668; x_wconf 89' lang='lat' dir='ltr'>tibi</span> <span class='ocrx_word' id='word_1_139' title='bbox 539 1625 648 1667; x_wconf 90' lang='lat' dir='ltr'>bello</span> <span class='ocrx_word' id='word_1_140' title='bbox 673 1624 881 1666; x_wconf 90' lang='lat' dir='ltr'>discordia</span> <span class='ocrx_word' id='word_1_141' title='bbox 903 1625 1010 1666; x_wconf 81' lang='lat' dir='ltr'>tristi</span> <span class='ocrx_word' id='word_1_142' title='bbox 1018 1641 1030 1675; x_wconf 85' lang='lat'><em>3</em></span> 
     </span>
     <span class='ocr_line' id='line_1_23' title="bbox 106 1686 1147 1742; baseline -0.002 -13"><span class='ocrx_word' id='word_1_143' title='bbox 106 1687 191 1738; x_wconf 90' lang='lat' dir='ltr'>dic,</span> <span class='ocrx_word' id='word_1_144' title='bbox 216 1688 260 1729; x_wconf 90' lang='lat' dir='ltr'>in</span> <span class='ocrx_word' id='word_1_145' title='bbox 283 1687 507 1729; x_wconf 85' lang='lat' dir='ltr'>amicitiam</span> <span class='ocrx_word' id='word_1_146' title='bbox 531 1693 679 1729; x_wconf 89' lang='lat' dir='ltr'>coeant</span> <span class='ocrx_word' id='word_1_147' title='bbox 702 1692 744 1728; x_wconf 87' lang='lat' dir='ltr'>et</span> <span class='ocrx_word' id='word_1_148' title='bbox 767 1686 937 1728; x_wconf 85' lang='lat' dir='ltr'>foedera</span> <span class='ocrx_word' id='word_1_149' title='bbox 959 1686 1147 1742; x_wconf 88' lang='lat' dir='ltr'>iungant,</span> 
     </span>
     <span class='ocr_line' id='line_1_24' title="bbox 106 1747 1309 1804; baseline -0.002 -14"><span class='ocrx_word' id='word_1_150' title='bbox 106 1748 442 1803; x_wconf 86' lang='lat' dir='ltr'>quandoquidem</span> <span class='ocrx_word' id='word_1_151' title='bbox 465 1747 655 1790; x_wconf 91' lang='lat' dir='ltr'>Ausonio</span> <span class='ocrx_word' id='word_1_152' title='bbox 678 1748 858 1803; x_wconf 88' lang='lat' dir='ltr'>respersi</span> <span class='ocrx_word' id='word_1_153' title='bbox 882 1749 1085 1804; x_wconf 88' lang='lat' dir='ltr'>sanguine</span> <span class='ocrx_word' id='word_1_154' title='bbox 1110 1747 1309 1789; x_wconf 87' lang='lat' dir='ltr'>Teucros.</span> 
     </span>
     <span class='ocr_line' id='line_1_25' title="bbox 105 1810 1271 1861; baseline -0.001 -9"><span class='ocrx_word' id='word_1_155' title='bbox 105 1810 186 1852; x_wconf 92' lang='lat' dir='ltr'>hoc</span> <span class='ocrx_word' id='word_1_156' title='bbox 210 1810 334 1852; x_wconf 87' lang='lat' dir='ltr'>etiam</span> <span class='ocrx_word' id='word_1_157' title='bbox 358 1810 422 1852; x_wconf 89' lang='lat' dir='ltr'>his</span> <span class='ocrx_word' id='word_1_158' title='bbox 447 1810 617 1861; x_wconf 87' lang='lat' dir='ltr'>addam,</span> <span class='ocrx_word' id='word_1_159' title='bbox 642 1817 715 1852; x_wconf 88' lang='lat' dir='ltr'>tua</span> <span class='ocrx_word' id='word_1_160' title='bbox 738 1810 774 1852; x_wconf 90' lang='lat' dir='ltr'>si</span> <span class='ocrx_word' id='word_1_161' title='bbox 797 1810 900 1852; x_wconf 90' lang='lat' dir='ltr'>mihi</span> <span class='ocrx_word' id='word_1_162' title='bbox 923 1817 1035 1852; x_wconf 85' lang='lat' dir='ltr'>certa</span> <span class='ocrx_word' id='word_1_163' title='bbox 1058 1810 1271 1852; x_wconf 86' lang='lat' dir='ltr'>voluntas:</span> 
     </span>
     <span class='ocr_line' id='line_1_26' title="bbox 106 1871 1077 1922; baseline 0.001 -9"><span class='ocrx_word' id='word_1_164' title='bbox 106 1871 301 1914; x_wconf 87' lang='lat' dir='ltr'>finitimas</span> <span class='ocrx_word' id='word_1_165' title='bbox 325 1872 369 1913; x_wconf 92' lang='lat' dir='ltr'>in</span> <span class='ocrx_word' id='word_1_166' title='bbox 391 1871 501 1914; x_wconf 90' lang='lat' dir='ltr'>bella</span> <span class='ocrx_word' id='word_1_167' title='bbox 523 1871 655 1913; x_wconf 87' lang='lat' dir='ltr'>feram</span> <span class='ocrx_word' id='word_1_168' title='bbox 678 1871 914 1914; x_wconf 88' lang='lat' dir='ltr'>rumoribus</span> <span class='ocrx_word' id='word_1_169' title='bbox 939 1871 1077 1922; x_wconf 86' lang='lat' dir='ltr'>urbes,</span> 
     </span>
     <span class='ocr_line' id='line_1_27' title="bbox 107 1933 1105 1988; baseline 0 -13"><span class='ocrx_word' id='word_1_170' title='bbox 107 1933 411 1988; x_wconf 87' lang='lat' dir='ltr'>accendamque</span> <span class='ocrx_word' id='word_1_171' title='bbox 435 1934 595 1976; x_wconf 89' lang='lat' dir='ltr'>animos</span> <span class='ocrx_word' id='word_1_172' title='bbox 617 1933 755 1976; x_wconf 89' lang='lat' dir='ltr'>insani</span> <span class='ocrx_word' id='word_1_173' title='bbox 777 1933 929 1976; x_wconf 88' lang='lat' dir='ltr'>Martis</span> <span class='ocrx_word' id='word_1_174' title='bbox 953 1949 1105 1984; x_wconf 87' lang='lat' dir='ltr'>amore,</span> 
     </span>
     <span class='ocr_line' id='line_1_28' title="bbox 106 1994 1359 2052; baseline 0 -16"><span class='ocrx_word' id='word_1_175' title='bbox 106 1994 287 2050; x_wconf 89' lang='lat' dir='ltr'>undique</span> <span class='ocrx_word' id='word_1_176' title='bbox 311 2003 358 2036; x_wconf 92' lang='lat' dir='ltr'>ut</span> <span class='ocrx_word' id='word_1_177' title='bbox 381 1995 533 2038; x_wconf 82' lang='lat' dir='ltr'>auxilio</span> <span class='ocrx_word' id='word_1_178' title='bbox 557 1996 724 2037; x_wconf 86' lang='lat' dir='ltr'>veniant</span> <span class='ocrx_word' id='word_1_179' title='bbox 730 2012 743 2047; x_wconf 89' lang='lat'>;</span> <span class='ocrx_word' id='word_1_180' title='bbox 768 2011 963 2052; x_wconf 88' lang='lat' dir='ltr'>spargam</span> <span class='ocrx_word' id='word_1_181' title='bbox 987 2011 1102 2037; x_wconf 90' lang='lat' dir='ltr'>arma</span> <span class='ocrx_word' id='word_1_182' title='bbox 1123 2010 1199 2051; x_wconf 86' lang='lat' dir='ltr'>per</span> <span class='ocrx_word' id='word_1_183' title='bbox 1222 2010 1359 2051; x_wconf 89' lang='lat' dir='ltr'>agros.</span> 
     </span>
     <span class='ocr_line' id='line_1_29' title="bbox 106 2056 1307 2110; baseline 0 -12"><span class='ocrx_word' id='word_1_184' title='bbox 106 2063 195 2098; x_wconf 83' lang='lat' dir='ltr'>tum</span> <span class='ocrx_word' id='word_1_185' title='bbox 218 2063 361 2099; x_wconf 90' lang='lat' dir='ltr'>contra</span> <span class='ocrx_word' id='word_1_186' title='bbox 382 2057 509 2100; x_wconf 87' lang='lat' dir='ltr'>Iuno:</span> <span class='ocrx_word' id='word_1_187' title='bbox 535 2064 762 2110; x_wconf 89' lang='lat' dir='ltr'>„terrorum</span> <span class='ocrx_word' id='word_1_188' title='bbox 786 2064 828 2099; x_wconf 91' lang='lat' dir='ltr'>et</span> <span class='ocrx_word' id='word_1_189' title='bbox 850 2057 1009 2099; x_wconf 85' lang='lat' dir='ltr'>fraudis</span> <span class='ocrx_word' id='word_1_190' title='bbox 1033 2056 1199 2099; x_wconf 91' lang='lat' dir='ltr'>abunde</span> <span class='ocrx_word' id='word_1_191' title='bbox 1224 2063 1307 2099; x_wconf 88' lang='lat' dir='ltr'>est:</span> 
     </span>
     <span class='ocr_line' id='line_1_30' title="bbox 106 2119 1218 2177; baseline -0.001 -16"><span class='ocrx_word' id='word_1_192' title='bbox 106 2125 219 2162; x_wconf 84' lang='lat' dir='ltr'>stant</span> <span class='ocrx_word' id='word_1_193' title='bbox 242 2119 339 2162; x_wconf 87' lang='lat' dir='ltr'>belli</span> <span class='ocrx_word' id='word_1_194' title='bbox 364 2134 556 2170; x_wconf 83' lang='lat' dir='ltr'>caussae,</span> <span class='ocrx_word' id='word_1_195' title='bbox 582 2127 793 2177; x_wconf 90' lang='lat' dir='ltr'>pugnatur</span> <span class='ocrx_word' id='word_1_196' title='bbox 816 2120 1048 2162; x_wconf 89' lang='lat' dir='ltr'>comminus</span> <span class='ocrx_word' id='word_1_197' title='bbox 1072 2120 1218 2170; x_wconf 83' lang='lat' dir='ltr'>armis3</span> 
     </span>
     <span class='ocr_line' id='line_1_31' title="bbox 106 2181 1314 2238; baseline -0.002 -15"><span class='ocrx_word' id='word_1_198' title='bbox 106 2195 213 2236; x_wconf 79' lang='lat' dir='ltr'>quae</span> <span class='ocrx_word' id='word_1_199' title='bbox 236 2181 323 2223; x_wconf 86' lang='lat' dir='ltr'>fors</span> <span class='ocrx_word' id='word_1_200' title='bbox 347 2183 481 2237; x_wconf 89' lang='lat' dir='ltr'>prima</span> <span class='ocrx_word' id='word_1_201' title='bbox 503 2183 635 2232; x_wconf 89' lang='lat' dir='ltr'>dedit,</span> <span class='ocrx_word' id='word_1_202' title='bbox 661 2183 831 2238; x_wconf 86' lang='lat' dir='ltr'>sanguis</span> <span class='ocrx_word' id='word_1_203' title='bbox 855 2197 990 2223; x_wconf 90' lang='lat' dir='ltr'>novus</span> <span class='ocrx_word' id='word_1_204' title='bbox 1014 2181 1164 2223; x_wconf 90' lang='lat' dir='ltr'>imbuit</span> <span class='ocrx_word' id='word_1_205' title='bbox 1187 2196 1314 2222; x_wconf 84' lang='lat' dir='ltr'>arma.</span> 
     </span>
     <span class='ocr_line' id='line_1_32' title="bbox 106 2243 1110 2299; baseline 0 -15"><span class='ocrx_word' id='word_1_206' title='bbox 106 2243 205 2284; x_wconf 90' lang='lat' dir='ltr'>talia</span> <span class='ocrx_word' id='word_1_207' title='bbox 227 2243 421 2299; x_wconf 87' lang='lat' dir='ltr'>coniugia</span> <span class='ocrx_word' id='word_1_208' title='bbox 443 2250 485 2286; x_wconf 90' lang='lat' dir='ltr'>et</span> <span class='ocrx_word' id='word_1_209' title='bbox 508 2243 601 2285; x_wconf 91' lang='lat' dir='ltr'>talis</span> <span class='ocrx_word' id='word_1_210' title='bbox 626 2243 835 2285; x_wconf 90' lang='lat' dir='ltr'>celebrent</span> <span class='ocrx_word' id='word_1_211' title='bbox 857 2243 1110 2298; x_wconf 90' lang='lat' dir='ltr'>hymenaeos</span> 
     </span>
     <span class='ocr_line' id='line_1_33' title="bbox 107 2305 1174 2361; baseline 0 -16"><span class='ocrx_word' id='word_1_212' title='bbox 107 2305 323 2361; x_wconf 88' lang='lat' dir='ltr'>egregium</span> <span class='ocrx_word' id='word_1_213' title='bbox 346 2305 523 2347; x_wconf 89' lang='lat' dir='ltr'>Veneris</span> <span class='ocrx_word' id='word_1_214' title='bbox 547 2320 682 2361; x_wconf 88' lang='lat' dir='ltr'>genus</span> <span class='ocrx_word' id='word_1_215' title='bbox 706 2312 748 2347; x_wconf 91' lang='lat' dir='ltr'>et</span> <span class='ocrx_word' id='word_1_216' title='bbox 769 2320 843 2347; x_wconf 87' lang='lat' dir='ltr'>rex</span> <span class='ocrx_word' id='word_1_217' title='bbox 867 2305 958 2360; x_wconf 87' lang='lat' dir='ltr'>ipse</span> <span class='ocrx_word' id='word_1_218' title='bbox 981 2305 1174 2346; x_wconf 88' lang='lat' dir='ltr'>Latinus.</span> 
     </span>
     <span class='ocr_line' id='line_1_34' title="bbox 107 2365 1044 2421; baseline 0 -14"><span class='ocrx_word' id='word_1_219' title='bbox 107 2371 149 2407; x_wconf 89' lang='lat' dir='ltr'>te</span> <span class='ocrx_word' id='word_1_220' title='bbox 173 2380 299 2421; x_wconf 87' lang='lat' dir='ltr'>super</span> <span class='ocrx_word' id='word_1_221' title='bbox 321 2366 524 2408; x_wconf 88' lang='lat' dir='ltr'>aetherias</span> <span class='ocrx_word' id='word_1_222' title='bbox 549 2380 684 2407; x_wconf 89' lang='lat' dir='ltr'>errare</span> <span class='ocrx_word' id='word_1_223' title='bbox 706 2365 898 2407; x_wconf 88' lang='lat' dir='ltr'>licentius</span> <span class='ocrx_word' id='word_1_224' title='bbox 922 2380 1044 2407; x_wconf 83' lang='lat' dir='ltr'>auras</span> 
     </span>
     <span class='ocr_line' id='line_1_35' title="bbox 107 2424 1197 2482; baseline -0.003 -13"><span class='ocrx_word' id='word_1_225' title='bbox 107 2426 221 2468; x_wconf 89' lang='lat' dir='ltr'>haud</span> <span class='ocrx_word' id='word_1_226' title='bbox 242 2433 360 2482; x_wconf 89' lang='lat' dir='ltr'>pater</span> <span class='ocrx_word' id='word_1_227' title='bbox 381 2427 451 2469; x_wconf 91' lang='lat' dir='ltr'>ille</span> <span class='ocrx_word' id='word_1_228' title='bbox 473 2427 591 2476; x_wconf 87' lang='lat' dir='ltr'>velit,</span> <span class='ocrx_word' id='word_1_229' title='bbox 617 2426 770 2468; x_wconf 80' lang='lat' dir='ltr'>summi</span> <span class='ocrx_word' id='word_1_230' title='bbox 791 2432 987 2482; x_wconf 90' lang='lat' dir='ltr'>regnator</span> <span class='ocrx_word' id='word_1_231' title='bbox 1011 2424 1197 2480; x_wconf 83' lang='lat' dir='ltr'>Olympi.</span> 
     </span>
     <span class='ocr_line' id='line_1_36' title="bbox 108 2486 1289 2545; baseline -0.002 -16"><span class='ocrx_word' id='word_1_232' title='bbox 108 2488 209 2530; x_wconf 90' lang='lat' dir='ltr'>cede</span> <span class='ocrx_word' id='word_1_233' title='bbox 231 2487 347 2530; x_wconf 88' lang='lat' dir='ltr'>locis.</span> <span class='ocrx_word' id='word_1_234' title='bbox 374 2503 471 2545; x_wconf 89' lang='lat' dir='ltr'>ego,</span> <span class='ocrx_word' id='word_1_235' title='bbox 498 2488 534 2530; x_wconf 91' lang='lat' dir='ltr'>si</span> <span class='ocrx_word' id='word_1_236' title='bbox 557 2502 641 2542; x_wconf 94' lang='lat' dir='ltr'>qua</span> <span class='ocrx_word' id='word_1_237' title='bbox 664 2501 789 2542; x_wconf 83' lang='lat' dir='ltr'>super</span> <span class='ocrx_word' id='word_1_238' title='bbox 811 2486 978 2528; x_wconf 85' lang='lat' dir='ltr'>fortuna</span> <span class='ocrx_word' id='word_1_239' title='bbox 999 2486 1188 2528; x_wconf 89' lang='lat' dir='ltr'>laborum</span> <span class='ocrx_word' id='word_1_240' title='bbox 1214 2493 1289 2535; x_wconf 87' lang='lat' dir='ltr'>est,</span> 
     </span>
     <span class='ocr_line' id='line_1_37' title="bbox 106 2546 1110 2606; baseline -0.004 -14"><span class='ocrx_word' id='word_1_241' title='bbox 106 2549 200 2605; x_wconf 88' lang='lat' dir='ltr'>ipsa</span> <span class='ocrx_word' id='word_1_242' title='bbox 221 2552 404 2606; x_wconf 87' lang='lat' dir='ltr'>regam.“</span> <span class='ocrx_word' id='word_1_243' title='bbox 431 2550 535 2591; x_wconf 88' lang='lat' dir='ltr'>tales</span> <span class='ocrx_word' id='word_1_244' title='bbox 559 2549 728 2590; x_wconf 88' lang='lat' dir='ltr'>dederat</span> <span class='ocrx_word' id='word_1_245' title='bbox 753 2546 950 2590; x_wconf 87' lang='lat' dir='ltr'>Saturnia</span> <span class='ocrx_word' id='word_1_246' title='bbox 971 2561 1110 2597; x_wconf 84' lang='lat' dir='ltr'>voces,</span> 
     </span>
     <span class='ocr_line' id='line_1_38' title="bbox 108 2609 1116 2665; baseline -0.003 -12"><span class='ocrx_word' id='word_1_247' title='bbox 108 2611 180 2653; x_wconf 82' lang='lat' dir='ltr'>illa</span> <span class='ocrx_word' id='word_1_248' title='bbox 202 2618 340 2653; x_wconf 90' lang='lat' dir='ltr'>autem</span> <span class='ocrx_word' id='word_1_249' title='bbox 364 2611 514 2653; x_wconf 87' lang='lat' dir='ltr'>attollit</span> <span class='ocrx_word' id='word_1_250' title='bbox 538 2611 758 2653; x_wconf 85' lang='lat' dir='ltr'>stridentes</span> <span class='ocrx_word' id='word_1_251' title='bbox 783 2609 990 2665; x_wconf 88' lang='lat' dir='ltr'>anguibus</span> <span class='ocrx_word' id='word_1_252' title='bbox 1015 2609 1116 2658; x_wconf 89' lang='lat' dir='ltr'>alas,</span> 
     </span>
     <span class='ocr_line' id='line_1_39' title="bbox 111 2671 1191 2729; baseline -0.004 -14"><span class='ocrx_word' id='word_1_253' title='bbox 111 2671 341 2728; x_wconf 83' lang='lat' dir='ltr'>Cocytique</span> <span class='ocrx_word' id='word_1_254' title='bbox 364 2674 469 2729; x_wconf 89' lang='lat' dir='ltr'>petit</span> <span class='ocrx_word' id='word_1_255' title='bbox 494 2673 636 2715; x_wconf 87' lang='lat' dir='ltr'>sedem</span> <span class='ocrx_word' id='word_1_256' title='bbox 661 2687 812 2727; x_wconf 88' lang='lat' dir='ltr'>supera</span> <span class='ocrx_word' id='word_1_257' title='bbox 835 2672 966 2713; x_wconf 89' lang='lat' dir='ltr'>ardua</span> <span class='ocrx_word' id='word_1_258' title='bbox 987 2671 1191 2724; x_wconf 90' lang='lat' dir='ltr'>linquens.</span> 
     </span>
     <span class='ocr_line' id='line_1_40' title="bbox 111 2732 1109 2782; baseline -0.002 -7"><span class='ocrx_word' id='word_1_259' title='bbox 111 2740 175 2775; x_wconf 91' lang='lat' dir='ltr'>est</span> <span class='ocrx_word' id='word_1_260' title='bbox 195 2734 311 2776; x_wconf 90' lang='lat' dir='ltr'>locus</span> <span class='ocrx_word' id='word_1_261' title='bbox 335 2734 480 2777; x_wconf 90' lang='lat' dir='ltr'>Italiae</span> <span class='ocrx_word' id='word_1_262' title='bbox 505 2734 642 2775; x_wconf 87' lang='lat' dir='ltr'>medio</span> <span class='ocrx_word' id='word_1_263' title='bbox 667 2732 744 2775; x_wconf 92' lang='lat' dir='ltr'>sub</span> <span class='ocrx_word' id='word_1_264' title='bbox 768 2732 977 2775; x_wconf 90' lang='lat' dir='ltr'>montibus</span> <span class='ocrx_word' id='word_1_265' title='bbox 1002 2732 1109 2782; x_wconf 86' lang='lat' dir='ltr'>altis,</span> 
     </span>
    </p>

    <p class='ocr_par' dir='ltr' id='par_1_7' title="bbox 1164 2801 1243 2838">
     <span class='ocr_line' id='line_1_41' title="bbox 1164 2801 1243 2838; baseline 0 0"><span class='ocrx_word' id='word_1_266' title='bbox 1164 2801 1243 2838; x_wconf 82' lang='lat'>15*</span> 
     </span>
    </p>
   </div>
   <div class='ocr_carea' id='block_1_3' title="bbox 1366 1997 1388 2017">
    <p class='ocr_par' dir='ltr' id='par_1_8' title="bbox 1366 1997 1388 2017">
     <span class='ocr_line' id='line_1_42' title="bbox 1366 1997 1388 2017; baseline 0 0"><span class='ocrx_word' id='word_1_267' title='bbox 1366 1997 1388 2017; x_wconf 70' lang='grc'>(6</span> 
     </span>
    </p>
   </div>
   <div class='ocr_carea' id='block_1_4' title="bbox 1390 275 1473 316">
    <p class='ocr_par' dir='ltr' id='par_1_9' title="bbox 1390 275 1473 316">
     <span class='ocr_line' id='line_1_43' title="bbox 1390 275 1473 316; baseline 0 0"><span class='ocrx_word' id='word_1_268' title='bbox 1390 275 1473 316; x_wconf 80' lang='grc'>227</span> 
     </span>
    </p>
   </div>
   <div class='ocr_carea' id='block_1_5' title="bbox 1500 400 1565 430">
    <p class='ocr_par' dir='ltr' id='par_1_10' title="bbox 1500 400 1565 430">
     <span class='ocr_line' id='line_1_44' title="bbox 1500 400 1565 430; baseline 0 0"><span class='ocrx_word' id='word_1_269' title='bbox 1500 400 1565 430; x_wconf 76' lang='lat'>525</span> 
     </span>
    </p>
   </div>
   <div class='ocr_carea' id='block_1_6' title="bbox 1499 709 1566 740">
    <p class='ocr_par' dir='ltr' id='par_1_11' title="bbox 1499 709 1566 740">
     <span class='ocr_line' id='line_1_45' title="bbox 1499 709 1566 740; baseline -0.015 0"><span class='ocrx_word' id='word_1_270' title='bbox 1499 709 1566 740; x_wconf 87' lang='lat'>530</span> 
     </span>
    </p>
   </div>
   <div class='ocr_carea' id='block_1_7' title="bbox 1499 1018 1566 1049">
    <p class='ocr_par' dir='ltr' id='par_1_12' title="bbox 1499 1018 1566 1049">
     <span class='ocr_line' id='line_1_46' title="bbox 1499 1018 1566 1049; baseline -0.015 0"><span class='ocrx_word' id='word_1_271' title='bbox 1499 1018 1566 1049; x_wconf 87' lang='grc'>535</span> 
     </span>
    </p>
   </div>
   <div class='ocr_carea' id='block_1_8' title="bbox 1498 1328 1565 1358">
    <p class='ocr_par' dir='ltr' id='par_1_13' title="bbox 1498 1328 1565 1358">
     <span class='ocr_line' id='line_1_47' title="bbox 1498 1328 1565 1358; baseline 0 0"><span class='ocrx_word' id='word_1_272' title='bbox 1498 1328 1565 1358; x_wconf 85' lang='grc'>540</span> 
     </span>
    </p>
   </div>
   <div class='ocr_carea' id='block_1_9' title="bbox 1497 1637 1564 1668">
    <p class='ocr_par' dir='ltr' id='par_1_14' title="bbox 1497 1637 1564 1668">
     <span class='ocr_line' id='line_1_48' title="bbox 1497 1637 1564 1668; baseline -0.015 0"><span class='ocrx_word' id='word_1_273' title='bbox 1497 1637 1564 1668; x_wconf 74' lang='lat'>545</span> 
     </span>
    </p>
   </div>
   <div class='ocr_carea' id='block_1_10' title="bbox 1496 1945 1562 1976">
    <p class='ocr_par' dir='ltr' id='par_1_15' title="bbox 1496 1945 1562 1976">
     <span class='ocr_line' id='line_1_49' title="bbox 1496 1945 1562 1976; baseline -0.015 0"><span class='ocrx_word' id='word_1_274' title='bbox 1496 1945 1562 1976; x_wconf 86' lang='lat'>550</span> 
     </span>
    </p>
   </div>
   <div class='ocr_carea' id='block_1_11' title="bbox 1497 2254 1562 2284">
    <p class='ocr_par' dir='ltr' id='par_1_16' title="bbox 1497 2254 1562 2284">
     <span class='ocr_line' id='line_1_50' title="bbox 1497 2254 1562 2284; baseline -0.015 0"><span class='ocrx_word' id='word_1_275' title='bbox 1497 2254 1562 2284; x_wconf 88' lang='grc'>555</span> 
     </span>
    </p>
   </div>
   <div class='ocr_carea' id='block_1_12' title="bbox 1496 2559 1562 2589">
    <p class='ocr_par' dir='ltr' id='par_1_17' title="bbox 1496 2559 1562 2589">
     <span class='ocr_line' id='line_1_51' title="bbox 1496 2559 1562 2589; baseline 0 0"><span class='ocrx_word' id='word_1_276' title='bbox 1496 2559 1562 2589; x_wconf 86' lang='grc'>560</span> 
     </span>
    </p>
   </div>
  </div>
 </body>
</html>
