1748 3048
289 430 330 461 30

286 733 327 762 35

284 1036 327 1066 40

283 1341 326 1371 45

283 1644 325 1674 50

282 1949 323 1979 55

282 2252 324 2283 60

282 2555 322 2586 65

354 308 408 349 30
755 318 797 352 Ρ.
816 316 1045 353 VERGILII
1064 316 1286 356 MARONIS

352 418 519 458 numina
543 417 629 458 sola
652 416 802 465 colant,
827 417 901 457 tibi
925 417 1074 458 serviat
1096 418 1237 460 ultima
1261 419 1406 469 Thule,

353 486 471 531 teque
496 477 573 518 sibi
595 491 791 532 generum
815 477 971 531 Tethys
996 484 1104 519 emat
1127 479 1314 521 omnibus
1338 482 1476 530 undis3

353 552 455 579 anne
479 552 630 579 novum
654 537 777 578 tardis
803 537 915 578 sidus
940 544 979 579 te
1003 539 1214 581 mensibus
1239 541 1378 590 addas,

351 613 433 651 qua
454 598 567 639 locus
590 598 801 653 Erigonen
823 598 928 640 inter
952 597 1185 653 Chelasque
1210 603 1416 654 sequentis

350 659 556 713 panditur3
580 658 668 712 ipse
692 658 766 700 tibi
787 659 870 700 iam
892 658 1058 701 brachia
1080 662 1278 703 contrahit
1301 663 1446 704 ardens

354 718 563 773 Scorpios,
589 725 629 760 et
652 719 753 760 caeli
775 719 883 761 iusta
904 721 997 775 plus
1020 728 1134 776 parte
1157 722 1363 776 relinquit3

351 779 548 833 quidquid
571 780 668 830 eris,
692 805 747 810 —
770 795 866 822 nam
889 787 928 822 te
951 796 1027 823 nec
1051 789 1214 837 sperant
1238 783 1409 825 Tartara
1431 799 1583 839 regem,

351 854 426 881 nec
449 839 522 882 tibi
542 841 738 896 regnandi
761 842 896 884 veniat
918 847 1003 883 tam
1026 843 1113 885 dira
1136 844 1301 898 cupid03

350 901 536 954 quamvis
559 901 726 956 Elysios
749 902 915 943 miretur
940 901 1114 945 Graecia
1137 918 1315 959 campos,

350 976 426 1003 nec
447 962 617 1016 repetita
640 963 755 1016 sequi
778 969 890 1004 curet
911 963 1157 1019 Proserpina
1180 971 1351 1007 matrem
1374 991 1428 997 —

351 1023 403 1063 da
426 1022 588 1064 facilem
611 1036 793 1073 cursum,
817 1029 938 1077 atque
961 1024 1183 1067 audacibus
1207 1025 1341 1068 adnue
1365 1028 1532 1082 coeptis,

350 1084 595 1139 ignarosque
618 1084 708 1125 viae
731 1098 891 1126 mecum
914 1084 1128 1127 miseratus
1153 1086 1327 1141 agrestis

350 1144 580 1199 ingredere,
606 1151 646 1186 et
669 1144 774 1186 votis
797 1144 879 1186 iam
902 1159 1012 1187 nunc
1034 1146 1230 1188 adsuesce
1253 1147 1401 1188 vocari.

405 1205 514 1247 Vere
537 1220 663 1256 novo,
687 1206 846 1261 gelidus
871 1206 982 1248 canis
1007 1221 1101 1248 cum
1123 1207 1328 1249 montibus
1352 1208 1498 1250 humor

349 1267 515 1320 liquitur
538 1272 578 1308 et
600 1266 779 1321 zephyro
801 1267 931 1322 putris
955 1281 1000 1309 se
1023 1267 1170 1322 glaeba
1191 1268 1370 1318 resolvit,

350 1328 544 1382 deprcsso
567 1327 732 1382 incipiat
754 1327 837 1369 iam
860 1334 947 1369 tum
969 1328 1069 1369 mihi
1091 1334 1232 1370 taurus
1257 1334 1391 1371 aratro

349 1388 554 1444 ingemere
579 1394 619 1429 et
643 1388 756 1430 sulco
780 1389 939 1430 attritus
965 1389 1248 1443 splendescere
1271 1404 1423 1432 vomer.

348 1449 418 1490 illa
442 1464 560 1505 seges
584 1450 750 1490 demum
772 1450 878 1491 votis
901 1450 1119 1505 respondet
1142 1451 1253 1492 avari

349 1510 568 1565 agricolae,
594 1510 657 1552 bis
682 1525 786 1564 quae
811 1510 957 1560 solem,
982 1511 1045 1553 bis
1069 1511 1223 1567 frigora
1246 1512 1390 1561 sensit;

347 1571 455 1611 illius
478 1570 686 1612 inmensae
709 1577 904 1626 ruperunt
926 1571 1070 1613 horrea
1091 1586 1260 1613 messes.

348 1645 396 1672 ac
419 1631 531 1686 prius
554 1631 740 1686 ignotum
762 1631 869 1673 ferro
893 1645 1017 1685 quam
1041 1632 1263 1674 scindimus
1288 1646 1450 1686 aequor,

348 1698 491 1734 ventos
515 1698 556 1734 et
578 1692 736 1733 varium
759 1692 861 1733 caeli
881 1693 1136 1748 praediscere
1159 1707 1315 1735 morem

348 1767 445 1794 cura
468 1753 538 1803 sit,
563 1767 611 1794 ac
633 1752 785 1807 patrios
809 1753 1023 1807 cultusque
1045 1753 1290 1807 habitusque
1313 1753 1506 1803 locorum,

348 1820 389 1854 et
411 1814 510 1867 quid
532 1827 718 1867 quaeque
740 1813 845 1855 ferat
866 1814 980 1869 regio
1004 1819 1045 1856 et
1067 1814 1166 1867 quid
1189 1828 1374 1867 quaeque
1396 1821 1567 1856 recuset.

347 1873 414 1915 hic
437 1879 615 1929 segetes,
640 1874 722 1915 illic
743 1874 912 1915 veniunt
935 1874 1094 1915 felicius
1118 1889 1235 1924 uvae,

348 1933 505 1976 arborei
527 1934 635 1975 fetus
659 1934 774 1984 alibi,
799 1940 919 1988 atque
942 1935 1099 1976 iniussa
1121 1935 1331 1976 virescunt

347 1995 543 2051 gramina.
567 2009 701 2037 nonne
724 1995 858 2045 vides,
884 2009 1047 2037 croceos
1071 2001 1117 2036 ut
1140 1995 1311 2036 Tmolus
1336 1995 1494 2045 odores,

347 2056 466 2098 India
488 2056 611 2097 mittit
633 2055 750 2106 ebur,
775 2056 918 2098 molles
943 2070 1019 2098 sua
1041 2062 1131 2097 tura
1156 2054 1318 2105 Sabaei,

348 2123 390 2159 at
414 2116 621 2172 Chalybes
644 2118 744 2158 nudi
767 2117 937 2167 sermm,
961 2117 1177 2170 virosaque
1199 2116 1357 2158 Pontus

348 2184 548 2227 castorea,
571 2177 766 2219 Eliadum
787 2178 945 2233 palmas
967 2177 1119 2232 Epiros
1144 2177 1364 2231 equarum?

348 2239 539 2280 continuo
561 2238 636 2280 has
659 2239 773 2294 leges
797 2245 1040 2292 aeternaque
1062 2238 1229 2280 foedera
1252 2238 1372 2280 certis

346 2299 524 2355 inposuit
546 2305 691 2341 natura
712 2299 830 2349 locis,
856 2313 937 2353 quo
961 2305 1143 2354 tempore
1165 2299 1342 2354 primum

346 2360 576 2402 Deucalion
598 2374 772 2402 vacuum
795 2360 951 2415 lapides
974 2360 1139 2401 iactavit
1161 2360 1204 2400 in
1226 2359 1378 2409 orbem,

346 2421 455 2462 unde
477 2420 663 2462 homines
686 2420 787 2470 nati,
812 2421 959 2461 durum
981 2435 1124 2476 genus.
1149 2434 1247 2475 ergo
1271 2434 1365 2475 age,
1391 2426 1518 2460 terrae

346 2482 498 2537 pingue
522 2481 653 2523 solum
676 2481 817 2535 primis
841 2481 1044 2536 extemplo
1068 2496 1093 2522 a
1115 2479 1324 2522 mensibus
1349 2479 1445 2521 anni

346 2542 471 2583 fortes
494 2542 696 2583 invertant
718 2541 841 2592 tauri,
865 2542 1113 2597 glaebasque
1135 2542 1313 2582 iacentes

343 2602 626 2657 pulverulenta
648 2609 795 2656 coquat
817 2603 985 2644 maturis
1003 2602 1164 2644 ‘solibus
1187 2607 1339 2650 aestas3

347 2668 388 2703 at
412 2663 447 2703 si
469 2677 552 2703 non
575 2663 696 2704 fuerit
718 2663 837 2705 tellus
861 2663 1055 2713 fecunda,
1081 2662 1158 2704 sub
1181 2662 1317 2716 ipsum

346 2721 569 2764 Arcturum
593 2723 704 2763 tenui
728 2729 792 2765 sat
814 2724 889 2764 erit
912 2724 1159 2778 suspendere
1183 2722 1314 2763 sulco:
