1800 3106
605 303 865 341 AENEIDOS
885 304 982 339 LIB.
1002 305 1069 339 XI.
1437 295 1517 337 301

153 413 316 455 hastam
340 411 410 454 alii
434 410 680 468 galeamque
704 409 862 460 ferunt3
886 425 984 452 nam
1008 415 1145 451 cetera
1170 409 1338 451 Turnus

151 476 283 517 victor
305 473 442 516 habet.
469 481 558 515 tum
580 478 741 515 maesta
763 472 947 528 phalanx
971 471 1206 526 Teucrique
1232 481 1460 527 sequuntur

153 536 440 591 Tyrrhenique
465 549 609 578 omnes
634 540 676 577 et
698 534 830 577 versis
854 533 1044 577 Arcades
1070 534 1207 576 armis.

151 605 373 654 postquam
397 597 532 640 omnis
556 597 681 654 longe
706 597 905 639 comitum
927 604 1211 653 praecesserat
1236 597 1350 647 ordo,

152 660 335 703 substitit
358 659 547 710 Aeneas,
573 659 815 716 gemituque
838 660 943 702 haec
967 660 1096 702 edidit
1119 659 1221 701 alto:
1550 672 1592 703 95

154 738 255 774 „nos
280 723 382 764 alias
406 722 503 764 hinc
527 722 581 764 ad
603 721 796 764 lacrimas
821 722 968 764 eadem
991 721 1159 764 horrida
1181 721 1280 764 belli

151 786 239 827 fata
263 790 430 827 vocant:
458 783 572 826 salve
597 790 812 826 aeternum
835 783 957 834 mihi,
982 784 1164 826 maxime
1188 783 1322 834 Palla,

152 854 448 901 actcrnumque
473 845 606 888 vale.“
632 860 711 888 nec
734 845 855 901 plura
880 846 1030 888 effatus
1055 846 1110 888 ad
1133 846 1239 888 altos

152 909 348 951 tendebat
371 923 531 960 muros,
556 923 832 965 gressumque
855 908 898 950 in
923 914 1059 950 castra
1082 908 1254 951 serebat.

207 971 383 1026 Iamque
407 977 591 1013 oratores
615 970 787 1012 aderant
811 985 864 1012 ex
886 970 990 1013 urbe
1013 970 1181 1021 Latina,
1554 984 1617 1014 100

152 1033 276 1075 velati
299 1033 425 1074 ramis
450 1032 584 1082 oleae,
609 1032 857 1087 veniamque
879 1039 1096 1089 rogantes:

152 1110 341 1150 corpora,
366 1109 441 1150 per
464 1109 634 1150 campos
659 1093 769 1136 ferro
793 1108 901 1149 quae
924 1095 1022 1137 fusa
1043 1094 1248 1146 iacebant,

150 1158 340 1199 redderet
363 1171 413 1200 ac
437 1157 596 1199 tumulo
622 1157 774 1199 sineret
798 1157 1022 1200 succedere
1046 1163 1199 1208 terrae3

152 1219 311 1261 nullum
337 1233 432 1261 cum
456 1219 576 1261 victis
602 1225 812 1261 certamen
835 1225 877 1261 et
899 1219 1066 1261 aethere
1090 1220 1243 1271 cassis3

153 1288 339 1337 parceret
361 1281 595 1337 hospitibus
620 1282 830 1336 quondam
855 1282 1093 1336 socerisque
1117 1282 1288 1324 vocatis.
1548 1296 1612 1326 105

154 1358 259 1397 quos
283 1342 419 1385 bonus
442 1341 612 1385 Aeneas
638 1343 751 1385 haud
774 1344 1037 1399 aspernanda
1060 1351 1278 1399 precantes

154 1405 418 1461 prosequitur
440 1405 563 1447 venia
586 1411 626 1447 et
649 1405 788 1447 verbis
813 1406 917 1448 haec
939 1406 1111 1462 insuper
1135 1407 1268 1449 addit:

158 1482 388 1521 „quaenam
411 1482 487 1509 vos
512 1473 627 1509 tanto
651 1466 817 1509 fortuna
839 1467 1027 1524 indigna,
1053 1469 1210 1518 Latini,

154 1529 342 1585 inplicuit
366 1528 494 1579 bello,
520 1530 592 1583 qui
615 1544 692 1571 nos
718 1528 889 1585 fugiatis
914 1530 1098 1572 amicos?

155 1607 301 1647 pacem
324 1607 391 1634 me
416 1592 618 1634 exanimis
643 1598 683 1633 et
707 1591 858 1634 Martis
884 1598 994 1635 sorte
1017 1594 1244 1649 peremptis
1554 1607 1617 1637 110

155 1654 306 1696 oratis?
331 1655 523 1709 equidem
548 1660 589 1696 et
613 1654 720 1697 vivis
746 1655 972 1697 concedere
996 1655 1160 1698 vellem.

155 1731 231 1759 nec
256 1717 370 1767 veni,
394 1717 476 1759 nisi
500 1717 586 1759 sata
609 1716 748 1759 locum
773 1718 999 1772 sedemque
1023 1718 1257 1769 dedissent3

155 1793 234 1820 nec
258 1778 414 1821 bellum
439 1794 534 1821 cum
558 1785 682 1836 gente
706 1794 825 1836 gero:
850 1795 924 1822 rex
947 1786 1089 1823 nostra
1111 1780 1277 1835 reliquit

155 1840 335 1896 hospitia
358 1847 398 1882 et
423 1841 554 1883 Turni
576 1842 716 1897 potius
741 1857 786 1884 se
812 1842 985 1884 credidit
1009 1843 1148 1885 armis.

155 1903 328 1957 aequius
353 1903 450 1945 huic
474 1903 663 1945 Turnum
686 1903 822 1946 fuerat
846 1919 891 1946 se
916 1919 1125 1960 opponere
1148 1904 1284 1947 morti.
1553 1920 1616 1949 115

156 1966 192 2007 si
215 1965 371 2008 bellum
394 1966 512 2008 finire
534 1981 680 2016 manu,
708 1966 744 2008 si
766 1967 919 2023 pellere
944 1967 1132 2010 Teucros

154 2034 344 2083 apparat,
370 2027 434 2070 his
459 2043 624 2070 mecum
648 2029 788 2071 decuit
811 2044 1055 2072 concurrere
1080 2030 1173 2073 telis
1181 2046 1194 2081 3

154 2091 284 2140 vixet,
311 2091 378 2132 cui
400 2091 529 2133 vitam
553 2092 656 2134 deus
681 2098 754 2134 aut
777 2107 854 2135 sua
878 2093 1024 2135 dextra
1048 2093 1243 2136 dedisset.

153 2167 263 2194 nunc
285 2152 341 2194 ite
366 2159 407 2195 et
430 2153 590 2195 miseris
617 2154 837 2210 supponite
862 2154 1024 2197 civibus
1049 2155 1232 2211 ignem.“

154 2214 313 2255 dixerat
337 2213 520 2257 Aeneas.
544 2215 605 2257 illi
628 2216 879 2271 obstupuere
905 2216 1088 2267 silentes,
1552 2230 1615 2259 120

155 2276 427 2330 conversique
452 2276 595 2319 oculos
618 2277 725 2319 inter
749 2292 795 2320 se
819 2284 943 2332 atque
968 2293 1041 2320 ora
1064 2278 1272 2320 tenebant.

156 2344 244 2378 tum
268 2337 405 2379 senior
428 2352 674 2393 semperque
698 2339 803 2381 odiis
829 2346 870 2381 et
893 2340 1064 2382 crimine
1087 2340 1279 2382 Drances

155 2397 343 2440 infensus
367 2399 508 2440 iuveni
531 2399 674 2442 Turno
700 2400 760 2442 sic
784 2415 854 2443 ore
877 2401 1064 2443 vicissim

156 2475 250 2502 orsa
272 2460 416 2502 refert:
444 2476 495 2512 „o
518 2461 632 2503 fama
654 2462 812 2518 ingens,
824 2463 1030 2519 ingentior
1054 2464 1191 2514 armis,

155 2523 218 2564 vir
241 2522 438 2573 Troiane,
464 2522 615 2577 quibus
641 2524 756 2566 caelo
779 2530 820 2566 te
843 2524 1037 2567 laudibus
1062 2526 1263 2580 aequem?
1550 2539 1613 2570 1‘25

155 2584 364 2626 iustitiane
385 2585 503 2640 prius
528 2585 669 2636 mirer,
696 2585 847 2628 belline
870 2586 1086 2628 laborum?

155 2661 230 2687 nos
255 2661 353 2688 vero
376 2646 480 2688 haec
503 2647 679 2702 patriam
702 2648 810 2704 grati
833 2648 1061 2691 referemus
1086 2649 1140 2691 ad
1162 2649 1321 2699 urbem,

157 2717 196 2748 ct
220 2714 279 2758 te,
306 2709 426 2763 siqua
450 2709 560 2751 viam
585 2709 743 2751 dederit
766 2710 951 2760 fortuna,
975 2710 1130 2753 Latino

157 2770 375 2826 iungemus
399 2771 500 2827 regi.
527 2779 698 2826 quaerat
723 2771 802 2814 sibi
826 2772 995 2815 foedera
1020 2773 1201 2816 Turnus.
