1794 3048
262 546 323 575 110

348 301 401 342 46
749 310 790 343 Ρ.
811 308 1042 346 VERGILII
1059 306 1284 344 MARONIS

347 425 469 452 nosse
493 418 591 464 quot
615 410 720 450 Ionii
744 410 907 449 veniant
930 409 982 449 ad
1004 408 1122 449 litora
1144 408 1305 450 fluctus.

402 472 488 512 Nec
511 486 607 512 vcro
631 478 759 510 terrae
785 470 889 510 ferre
913 483 1055 510 omnes
1079 469 1216 510 omnia
1238 476 1422 524 possunt.

347 532 580 572 fluminibus
606 531 768 579 salices,
794 530 1023 583 crassisque
1045 530 1264 584 paludibus
1289 531 1370 571 alni

346 598 584 641 nascuntur,
610 591 766 633 steriles
792 592 951 632 saxosis
976 591 1181 632 montibus
1207 592 1313 642 orni3

345 654 462 694 litora
486 652 668 707 myrtetis
693 652 933 702 laetissima3
959 652 1133 706 denique
1158 659 1320 707 apertos

345 714 532 754 Bacchus
558 720 666 754 amat
690 713 831 762 colles,
857 713 1087 766 aquilonem
1111 720 1150 754 et
1174 714 1327 768 frigora
1350 714 1446 754 taxi.

325 775 482 828 'aspice
506 781 546 815 et
569 774 759 815 extremis
784 774 982 815 domitum
1006 774 1227 815 cultoribus
1251 774 1404 823 orbem,

262 850 321 878 115>

261 1152 322 1182 120

259 1458 320 1488 1⁶25

260 1763 321 1792 130

257 2066 319 2096 135

258 2371 320 2400 140

260 2675 320 2705 145

347 841 524 886 eoasque
562 835 706 876 domos
729 833 917 876 Arabum
941 835 1153 889 pictosque
1179 834 1378 877 Gelonos:

345 896 500 937 divisae
524 895 736 937 arboribus
759 896 926 950 patriae.
953 896 1040 937 sola
1063 895 1181 937 India
1203 896 1366 951 nigrum

345 956 648 1006 ferthebcnum,
667 957 764 998 solis
790 963 852 998 est
875 963 990 999 turea
1013 957 1128 1012 virga
1154 956 1339 999 Sabaeis.

345 1018 444 1071 quid
468 1018 540 1059 tibi
564 1019 730 1059 odorato
753 1018 927 1059 referam
951 1018 1139 1060 sudantia
1161 1019 1273 1073 ligno

346 1078 609 1132 balsamaque
633 1085 673 1120 et
696 1079 819 1121 bacas
845 1094 1006 1134 semper
1028 1079 1253 1121 frondentis
1278 1079 1463 1120 acanthi?

346 1140 445 1193 quid
468 1155 635 1181 nemora
656 1139 909 1195 Aethiopum
932 1141 1043 1182 molli
1067 1141 1253 1182 canentia
1274 1140 1393 1182 lana?

346 1201 575 1255 velleraque
598 1208 643 1242 ut
665 1201 774 1242 foliis
799 1203 1014 1256 depectant
1037 1203 1174 1243 tenuia
1199 1201 1347 1244 Seres?

345 1268 416 1303 aut
439 1277 542 1316 quos
569 1261 737 1304 Oceano
761 1264 924 1318 propior
945 1264 1051 1319 gerit
1072 1263 1193 1304 India
1215 1263 1342 1312 lucos,

346 1323 515 1364 extremi
540 1324 651 1364 sinus
677 1324 803 1373 orbis,
830 1324 900 1365 ubi
924 1339 1018 1365 aera
1040 1324 1202 1365 vincere
1227 1338 1432 1365 summum

346 1384 498 1425 arboris
523 1384 633 1425 haud
658 1385 762 1425 ullae
786 1386 895 1426 iactu
916 1392 1084 1439 potuere
1110 1384 1309 1440 sagittae?

345 1451 385 1485 et
409 1460 510 1500 gens
534 1446 603 1486 illa
626 1445 790 1498 quidem
815 1446 987 1500 sumptis
1011 1461 1093 1487 non
1117 1446 1232 1487 tarda
1253 1444 1466 1500 pharetris.

343 1506 486 1547 Media
509 1506 587 1547 fert
611 1506 735 1547 tristis
761 1521 881 1548 sucos
906 1506 1148 1560 tardumque
1172 1521 1359 1561 saporem

344 1567 474 1608 felicis
498 1567 612 1617 mali,
637 1581 718 1620 quo
742 1582 824 1608 non
846 1567 1100 1622 praesentius
1125 1567 1265 1616 ullum,

344 1627 491 1681 pocula
514 1628 548 1669 si
571 1628 734 1681 quando
759 1643 905 1670 saevae
928 1628 1104 1670 infecere
1127 1642 1338 1676 novercae,

343 1688 844 1744 [miscueruntqueherbas
869 1696 909 1731 et
931 1704 1015 1731 non
1037 1689 1204 1731 innoxia
1226 1687 1384 1744 verba‚]

347 1749 543 1789 auxilium
566 1750 677 1790 venit
700 1765 748 1791 ac
771 1750 965 1792 membris
991 1751 1076 1806 agit
1098 1755 1186 1791 atra
1208 1764 1376 1791 venena.

343 1810 434 1864 ipsa
456 1810 600 1865 ingens
626 1810 744 1852 arbos
769 1811 997 1865 faciemque
1022 1811 1226 1853 simillima
1248 1810 1361 1852 lauro
1370 1826 1381 1860 3

344 1877 401 1920 et,
427 1870 463 1911 si
485 1885 568 1911 non
590 1871 714 1912 alium
737 1871 818 1913 late
840 1872 1008 1913 iactaret
1031 1872 1209 1921 odorem,

342 1931 480 1972 laurus
506 1937 608 1981 erat3
633 1931 731 1973 folia
753 1932 864 1973 haud
886 1932 979 1974 ullis
1003 1932 1180 1973 labentia
1203 1931 1354 1980 ventis;

342 1991 418 2032 flos
443 1991 496 2032 ad
518 1992 650 2046 prima
673 1998 812 2043 tenax3
838 1993 993 2034 animas
1018 1998 1059 2034 et
1082 1992 1232 2033 olentia
1253 1991 1370 2032 Medi

344 2067 414 2093 ora
437 2052 577 2093 fovent
598 2053 667 2094 illo
692 2059 732 2094 et
756 2053 921 2095 senibus
945 2053 1198 2094 medicantur
1221 2052 1390 2093 anhelis.

401 2112 486 2155 Sed
508 2128 640 2167 neque
663 2113 883 2156 Medorum
906 2114 1032 2156 silvae
1056 2114 1256 2155 ditissima
1278 2119 1396 2161 terra,

344 2188 419 2215 nec
441 2174 610 2228 pulcher
634 2173 804 2230 Ganges
829 2180 951 2228 atque
975 2189 1073 2216 auro
1097 2174 1282 2216 turbidus
1308 2173 1490 2214 Hermus

342 2235 531 2276 laudibus
555 2235 700 2277 Italiae
724 2241 895 2285 certent,
920 2250 1003 2277 non
1025 2235 1194 2285 Bactra,
1218 2249 1352 2288 neque
1375 2234 1480 2282 Indi,

343 2302 508 2350 totaque
532 2297 708 2338 turiferis
732 2296 940 2338 Panchaia
962 2296 1127 2351 pinguis
1152 2296 1297 2337 arenis.

343 2357 444 2398 haec
467 2357 557 2399 loca
579 2372 662 2399 non
685 2358 790 2399 tauri
813 2357 1013 2412 spirantes
1036 2356 1203 2398 naribus
1227 2357 1365 2412 ignem

342 2419 541 2459 invertere
566 2418 663 2460 satis
687 2418 861 2459 inmanis
886 2417 1075 2459 dentibus
1099 2417 1231 2472 hydri,

343 2493 418 2520 nec
441 2479 569 2534 galeis
594 2479 812 2532 densisque
835 2479 968 2520 virum
993 2493 1111 2534 seges
1135 2477 1290 2519 horruit
1312 2476 1452 2524 hastis,

345 2540 418 2580 sed
440 2540 633 2595 gravidae
656 2539 797 2596 fruges
822 2546 863 2581 et
884 2540 1040 2581 Bacchi
1061 2539 1269 2580 Massicus
1292 2538 1438 2579 humor

343 2600 566 2654 inplevere3
591 2607 729 2642 tenent
751 2601 864 2642 oleae
888 2606 1149 2654 armentaque
1172 2599 1290 2641 laeta.

344 2661 439 2701 hinc
461 2661 632 2702 bellator
654 2676 783 2715 equus
808 2676 952 2716 campo
976 2675 1067 2703 sese
1090 2661 1240 2703 arduus
1263 2658 1396 2706 infert,

344 2723 437 2763 hinc
462 2722 560 2771 albi,
589 2721 813 2772 Clitumne,
838 2736 985 2777 greges
1010 2727 1050 2763 et
1072 2721 1251 2763 maxima
1273 2726 1412 2760 taurus
