1780 3074
555 287 815 327 AENEIDOS
839 287 938 324 LIB.
950 288 1036 326 VII.

117 409 228 447 „rex,
241 407 373 450 genus
388 394 604 451 egregium
626 392 782 443 Fauni,
806 407 884 435 nec
906 391 1102 434 fluctibus
1127 397 1242 434 actos

114 467 203 502 atra
226 457 392 515 subegit
413 457 547 499 hiems
571 456 720 498 vestris
745 455 966 498 succedere
990 454 1123 505 terris,

114 535 192 564 nec
215 521 330 563 sidus
354 519 523 576 regione
545 518 639 561 viae
662 518 813 560 litusve
837 517 1004 568 fefellit3

115 583 286 626 consilio
309 582 417 624 hanc
441 595 584 624 omnes
610 580 843 635 animisque
866 578 1103 622 volentibus
1127 579 1274 622 urbem

115 645 357 695 adferimur,
382 643 494 700 pulsi
514 643 675 699 regnis,
700 657 807 697 quae
831 642 1014 684 maxima
1037 642 1246 697 quondam

115 714 299 750 extremo
321 706 492 748 veniens
517 705 579 747 sol
603 704 830 761 aspiciebat
856 703 1056 760 Olympo.

115 769 168 812 ab
191 769 294 811 Iove
316 767 565 824 principium
588 766 772 823 generis3
795 766 899 809 Iove
922 766 1124 808 Dardana
1145 765 1279 822 pubes

114 831 270 888 gaudet
293 845 391 880 τινος
414 844 491 871 rex
512 829 603 884 ipse
626 828 740 871 Iovis
765 829 817 870 de
841 834 965 884 gente
990 843 1196 884 suprema,

115 894 266 936 Troius
288 892 478 942 Aeneas,
503 897 576 933 tua
596 906 674 933 nos
698 891 753 933 ad
774 891 918 932 limina
940 891 1064 934 misit.

114 961 270 1010 quanta
290 969 366 1011 per
386 954 537 996 Idaeos
562 953 698 996 saevis
723 953 857 995 effusa
880 952 1075 1009 Mycenis

114 1023 339 1074 tempestas
362 1017 455 1059 ierit
478 1031 667 1071 campos,
692 1015 844 1070 quibus
869 1022 986 1057 actus
1011 1022 1186 1070 uterquc

114 1079 315 1135 Europae
339 1084 464 1134 atque
487 1077 620 1120 Asiae
643 1078 742 1120 fatis
767 1077 1018 1120 concurrerit
1041 1077 1167 1128 orbis,

116 1143 264 1193 audiit,
291 1147 332 1184 et
356 1141 392 1184 si
415 1156 541 1196 quem
564 1141 686 1183 teHus
711 1146 896 1183 extrema
917 1140 1060 1182 refuso

117 1205 336 1248 submovet
361 1202 533 1247 Oceano
558 1210 599 1245 et
622 1203 659 1245 si
681 1217 807 1258 quem
831 1208 999 1245 extenta
1020 1203 1240 1259 plagarum

118 1272 311 1321 quattuor
332 1265 376 1307 in
398 1266 536 1307 medio
559 1265 714 1307 dirimit
734 1265 862 1321 plaga
885 1265 985 1307 solis
1010 1265 1155 1320 iniqui.

119 1328 273 1370 diluvio
298 1342 350 1369 ex
371 1327 443 1369 illo
466 1332 528 1369 tot
549 1333 669 1369 vasta
690 1342 766 1382 per
789 1342 971 1381 aequora
993 1327 1121 1369 vecti‘

120 1391 183 1433 dis
209 1390 352 1432 sedem
375 1389 570 1445 exiguam
591 1389 735 1444 patriis
759 1389 942 1444 litusque
965 1405 1164 1446 rogamus

119 1453 343 1495 innocuum
367 1456 408 1493 et
431 1450 589 1493 cunctis
612 1451 851 1505 undamque
874 1466 1099 1505 auramque
1122 1457 1346 1506 patentem.

119 1530 204 1556 non
228 1514 380 1556 erimus
403 1527 533 1570 regno
556 1513 791 1563 indecores,
816 1527 895 1554 nec
918 1519 1058 1555 vestra
1080 1513 1236 1555 feretur

119 1577 234 1619 fama
255 1576 377 1626 levis,
402 1576 587 1629 tantique
612 1575 821 1617 abolescet
844 1574 978 1631 gratia
1001 1574 1113 1625 facti,

121 1653 198 1680 nec
222 1638 392 1680 Troiam
415 1637 629 1679 Ausonios
653 1636 812 1693 gremio
835 1637 1050 1692 excepisse
1072 1636 1244 1693 pigebit.

122 1700 209 1742 fata
230 1714 305 1755 per
326 1698 498 1741 Aeneae
521 1699 612 1740 iuro
637 1700 907 1753 dextramque
929 1705 1154 1755 potentem,

124 1762 212 1803 sive
234 1761 316 1803 fide
341 1776 416 1803 seu
438 1761 531 1815 quis
555 1760 664 1803 bello
689 1767 753 1803 est
776 1767 970 1816 expertus
996 1767 1036 1802 et
1060 1761 1205 1803 armis:

122 1823 242 1865 multi
263 1838 340 1865 nos
363 1823 524 1878 populi,
550 1822 704 1864 multae
728 1847 784 1854 —-
806 1837 859 1864 ne
883 1829 1038 1873 temne,
1065 1824 1177 1877 quod
1200 1823 1308 1865 ultro

122 1885 391 1941 praeferimus
417 1884 607 1927 manibus
631 1884 755 1926 vittas
780 1899 829 1926 ac
853 1884 980 1927 verba
1001 1885 1213 1940 precantia
1236 1911 1291 1915 —-

123 1953 165 1989 et
185 1947 339 2003 petiere
364 1946 443 1988 sibi
467 1952 508 1988 et
530 1946 698 1988 voluere
722 1946 947 2003 adiungere
970 1953 1136 2003 gentes3

123 2009 199 2051 sed
220 2024 297 2051 nos
321 2008 408 2051 fata
431 2009 556 2051 deum
578 2014 739 2051 vestras
764 2009 979 2063 exquirere
1003 2015 1132 2052 terras

120 2071 303 2127 imperiis
328 2086 450 2128 egere
474 2071 574 2114 suis.
599 2071 696 2113 hinc
718 2071 944 2113 Dardanus
969 2078 1083 2114 ortus
1090 2088 1103 2123 3

120 2133 203 2176 huc
225 2133 374 2189 repetit
394 2133 603 2188 iussisque
626 2133 864 2190 ingentibus
889 2140 1040 2191 urguet
1061 2133 1218 2190 Apollo

122 2195 385 2251 Tyrrhenum
408 2196 462 2238 ad
484 2195 687 2250 Thybrim
711 2202 752 2237 et
774 2196 901 2238 sontis
924 2197 1034 2238 vada
1058 2211 1175 2239 sacra
1196 2197 1375 2239 Numici.

122 2258 196 2299 dat
216 2257 291 2299 tibi
312 2263 525 2312 praeterea
548 2258 736 2298 fortunae
759 2272 888 2312 parva
909 2257 1058 2313 prioris

122 2333 312 2368 munera,
335 2319 529 2372 reliquias
554 2318 680 2360 Troia
703 2333 756 2360 ex
779 2319 947 2361 ardente
969 2325 1171 2375 receptas.

123 2380 203 2422 hoc
224 2386 343 2435 pater
364 2378 573 2422 Anchises
598 2395 697 2421 auro
722 2380 879 2422 libabat
902 2381 956 2422 ad
979 2396 1085 2431 aras,

123 2442 203 2484 hoc
225 2441 383 2483 Priami
405 2447 621 2498 gestamen
645 2447 750 2492 erat,
776 2456 871 2483 cum
894 2442 985 2483 iura
1007 2443 1164 2485 vocatis

124 2518 238 2546 more
261 2504 377 2545 daret
399 2503 581 2558 populis,
609 2509 898 2558 sceptrumque
923 2518 1119 2558 sacerque
1143 2504 1267 2546 tiaras

123 2565 383 2620 Iliadumque
406 2565 524 2607 labor
546 2568 730 2607 vestes.“.

150 2683 151 2686 Ἴ
181 2627 354 2669 Talibus
377 2627 526 2669 Ilionei
549 2627 668 2669 dictis
693 2627 830 2669 defixa
851 2627 1030 2670 Latinus

125 2688 271 2732 obtutu
294 2695 406 2731 tenet
428 2704 518 2740 ora,
544 2689 714 2743 soloque
737 2689 946 2731 inmobilis
970 2689 1124 2740 haeret,

126 2751 302 2794 intentos
326 2751 498 2794 volvens
522 2751 676 2795 oculos.
702 2766 779 2794 neo
801 2766 984 2808 purpura
1006 2767 1147 2809 regem

1390 275 1475 321 219

1504 529 1569 560 215

1508 841 1574 871 220

1509 1153 1574 1183 225

1509 1464 1576 1495 230

1511 1774 1575 1805 235

1511 2086 1576 2116 240

1508 2394 1573 2425 245

1506 2704 1572 2735 2ὀο
