1794 3048
249 430 314 461 330

247 734 310 765 335

245 1039 311 1070 340

246 1346 309 1376 345

245 1651 309 1682 350

242 1956 307 1986 355

240 2260 305 2291 360

240 2566 303 2597 365

338 308 420 349 222
741 317 780 350 P.
798 316 1029 352 VERGILII
1046 315 1271 355 MARONIS

337 432 459 471 quam
481 417 586 458 Iuno
610 417 673 457 his
698 417 805 457 acuit
828 416 963 458 verbis
987 431 1036 459 ac
1059 418 1155 460 talia
1178 418 1303 461 fatur:

338 479 472 529 „hunc
494 477 594 518 mihi
617 478 670 518 da
692 478 918 532 proprium,
943 479 1060 534 virgo
1084 487 1173 521 sata
1195 480 1341 531 Nocte,
1366 482 1558 535 laborem,

335 539 440 580 hanc
463 553 647 593 operam,
671 553 722 580 ne
745 547 884 580 noster
905 539 1035 581 honos
1058 540 1282 583 infractave
1307 544 1422 584 cedat

335 600 446 641 fama
468 599 577 650 loco,
602 614 684 641 neu
707 600 877 641 conubis
902 600 1056 642 ambire
1079 602 1278 643 Latinum

334 660 556 702 Aeneadae
579 661 756 715 possint,
781 661 961 703 Italosve
985 661 1172 704 obsidere
1196 663 1310 705 fines.

335 728 379 762 tu
401 728 517 776 potes
541 722 755 764 unanimos
779 737 936 764 armare
958 723 1001 763 in
1023 724 1178 778 proelia
1201 725 1345 767 fratres

334 791 456 836 atque
479 783 586 824 odiis
609 798 772 825 versare
796 784 958 834 domos,
983 790 1028 825 tu
1052 785 1222 827 verbera
1244 787 1361 828 tectis

333 843 605 898 funereasque
628 844 778 886 inferre
801 844 933 895 faces,
958 845 1033 887 tibi
1055 847 1221 888 nomina
1243 848 1366 898 mille,

334 905 444 946 mille
468 906 641 946 nocendi
664 913 783 947 artes.
809 906 1031 947 fecundum
1057 914 1226 949 concute
1249 916 1405 963 pectus,

334 966 460 1007 disice
484 967 736 1021 conpositam
759 982 922 1022 pacem,
948 983 1036 1009 sere
1061 969 1229 1010 crimina
1254 970 1366 1020 belli3

333 1042 447 1068 arma
468 1027 568 1068 velit
588 1034 810 1082 poscatque
835 1029 957 1069 simul
978 1029 1189 1083 rapiatque
1212 1031 1445 1073 iuventus.“

387 1088 515 1129 Exim
540 1087 770 1144 Gorgoneis
793 1089 957 1131 Allecto
981 1090 1131 1132 infecta
1153 1092 1321 1133 venenis

332 1150 531 1204 principio
553 1150 723 1191 Latium
747 1156 787 1191 et
809 1151 1030 1192 Laurentis
1054 1157 1161 1193 tecta
1184 1153 1346 1206 tyranni

334 1211 443 1252 celsa
465 1211 584 1266 petit,
609 1211 857 1265 tacitumque
881 1211 1041 1254 obsedit
1062 1212 1187 1254 limen
1208 1213 1398 1264 Amatae,

334 1287 457 1325 quam
482 1287 605 1326 super
627 1273 806 1313 adventu
828 1273 1034 1314 Teucrum
1058 1274 1267 1328 Turnique
1289 1275 1527 1329 hymenaeis

333 1334 531 1374 femineae
556 1334 765 1374 ardentem
788 1348 989 1387 curaeque
1012 1334 1177 1388 iraeque
1201 1335 1442 1389 coquebant.

333 1394 429 1435 huic
452 1395 529 1435 dea
552 1394 747 1436 caeruleis
772 1410 901 1436 unum
926 1395 976 1436 de
999 1395 1177 1438 crinibus
1202 1411 1379 1452 anguem

333 1455 480 1496 conicit
501 1455 624 1508 inque
649 1455 783 1496 sinum
805 1456 1042 1510 praecordia
1070 1457 1124 1498 ad
1146 1457 1289 1498 intima
1312 1457 1462 1507 subdit,

332 1530 415 1570 quo
438 1515 660 1558 furibunda
683 1516 851 1557 domum
874 1523 1056 1559 monstro
1079 1518 1323 1572 permisceat
1346 1533 1520 1560 omnem.

331 1578 399 1619 ille
422 1577 527 1619 inter
548 1584 683 1619 vestes
708 1584 748 1619 et
770 1579 877 1620 levia
898 1585 1063 1634 pectora
1084 1580 1226 1635 lapsus

332 1639 508 1680 volvitur
530 1645 684 1681 attactu
706 1640 836 1691 nullo,
862 1640 1046 1695 fallitque
1069 1641 1286 1692 furentem,

332 1701 539 1755 vipeream
561 1701 764 1756 inspirans
788 1702 966 1744 animam
973 1719 984 1753 3
1008 1702 1055 1744 fit
1077 1703 1209 1744 tortile
1233 1703 1336 1745 collo

332 1776 477 1802 aurum
499 1762 644 1818 ingens
669 1763 850 1813 coluber,
876 1763 923 1804 fit
943 1764 1091 1819 longae
1114 1765 1249 1806 taenia
1271 1765 1407 1815 vittae,

331 1822 578 1876 innectitque
603 1838 741 1865 comas
766 1830 806 1865 et
828 1824 1021 1866 membris
1045 1824 1226 1867 lubricus
1251 1832 1368 1866 errat.

331 1897 380 1923 ac
403 1883 501 1923 dum
523 1884 655 1938 prima
676 1884 765 1926 lues
789 1885 871 1926 udo
896 1885 1091 1940 sublapsa
1113 1900 1270 1927 veneno

330 1950 573 1998 pertemptat
597 1959 741 1986 sensus
765 1951 887 1998 atque
910 1946 1072 1987 ossibus
1096 1947 1263 2001 inplicat
1284 1947 1434 2002 ignem,

329 2004 505 2044 necdum
528 2005 687 2046 animus
712 2011 796 2047 toto
818 2006 999 2060 percepit
1019 2013 1183 2060 pectore
1206 2007 1426 2056 flammam,

329 2065 490 2106 mollius
515 2071 555 2106 et
578 2065 696 2107 solito
720 2072 895 2107 matrum
918 2067 969 2107 de
992 2082 1104 2108 more
1127 2067 1264 2108 locuta
1287 2074 1360 2117 est,

328 2126 457 2167 multa
480 2141 603 2181 super
624 2133 744 2168 natae
771 2127 988 2169 lacrimans
1012 2127 1286 2183 Phrygiisque
1309 2128 1564 2182 hymenaeis:

331 2187 619 2238 „exsulibusne
642 2188 761 2229 datur
784 2189 970 2229 ducenda
991 2189 1168 2230 Lavinia
1192 2189 1374 2238 Teucris,

328 2262 353 2289 o
375 2248 558 2304 genitor?
580 2262 657 2290 nec
679 2254 720 2290 te
742 2249 907 2290 miseret
929 2256 1159 2305 gnataeque
1182 2250 1346 2303 tuique?

328 2323 404 2350 nec
426 2310 566 2351 matris
589 2310 771 2360 miseret,
796 2324 920 2364 quam
943 2310 1074 2365 primo
1097 2310 1286 2364 aquilone
1308 2310 1506 2365 relinquet

328 2370 525 2424 perfidus,
551 2370 632 2412 alta
653 2377 796 2426 petens
821 2370 997 2413 abducta
1018 2371 1175 2427 virgine
1198 2371 1374 2426 praedo?

328 2439 371 2473 at
393 2447 473 2473 non
498 2433 557 2474 sic
579 2432 787 2488 Phrygius
811 2439 996 2487 penetrat
1017 2433 1334 2474 Lacedaemona
1355 2438 1505 2487 pastor,

328 2493 620 2547 Ledaeamque
643 2493 849 2535 Helenam
873 2494 1072 2535 Troianas
1096 2494 1207 2536 vexit
1230 2494 1284 2535 ad
1305 2493 1440 2534 urbes.

328 2555 427 2607 quid
449 2560 519 2596 tua
542 2561 684 2597 sancta
705 2555 833 2597 fides?
855 2555 954 2609 quid
977 2570 1075 2597 cura
1097 2555 1263 2608 antiqua
1286 2560 1447 2595 tuorum

329 2621 370 2655 et
392 2617 694 2671 consanguineo
718 2617 866 2658 totiens
891 2617 986 2658 data
1009 2617 1176 2658 dextera
1199 2615 1364 2656 Turno?

329 2675 364 2716 si
387 2690 512 2730 gener
535 2683 701 2718 externa
722 2679 873 2733 petitur
895 2678 946 2719 de
969 2683 1091 2733 gente
1113 2676 1288 2725 Latinis,

327 2736 450 2789 idque
474 2737 605 2786 sedet,
629 2737 843 2792 Faunique
865 2744 1055 2793 premunt
1077 2744 1116 2779 te
1139 2738 1252 2778 iussa
1273 2737 1464 2791 parentis,
