1820 3080
334 563 398 593 600

335 864 397 894 605

337 1168 400 1197 610

338 1471 400 1501 615

338 1775 401 1805 620

337 2079 400 2108 625

337 2381 401 2413 630

340 2684 403 2715 635

423 317 507 361 314
822 324 864 357 Ρ.
883 320 1113 358 VERGLLII
1130 319 1354 357 MARONIS

421 425 667 479 Etruscique
690 424 815 464 duces
840 422 1102 476 equitumque
1126 421 1326 463 exercitus
1350 423 1480 464 omnis

422 485 622 541 conpositi
644 497 813 526 numero
836 483 880 524 in
903 488 1069 524 turmas.
1094 482 1231 523 fremit
1253 496 1428 536 aequore
1451 490 1537 526 toto

421 547 620 589 insultans
646 544 808 599 sonipes
833 549 873 585 et
894 543 1047 598 pressis
1071 548 1228 600 pugnat
1249 543 1421 585 habenis

421 609 501 649 huc
524 605 722 648 obversus
746 610 787 646 et
808 604 909 656 huc;
933 610 1021 646 tum
1042 604 1123 646 late
1146 603 1303 646 ferreu‘s
1325 603 1454 646 hastis

420 669 557 710 horret
579 681 696 723 ager,
721 665 934 721 campique
957 666 1080 708 armis
1105 665 1348 708 sublimibus
1371 667 1526 708 ardent.

419 743 496 771 nec
517 742 601 770 non
622 726 844 781 Messapus
868 733 1009 769 contra
1031 726 1264 780 celeresque
1285 726 1428 768 Latini

422 797 461 830 ct
485 804 579 830 cum
602 788 725 830 fratre
751 787 882 830 Coras
907 794 947 830 et
969 788 1139 843 virginis
1163 788 1228 829 ala
1253 786 1451 830 Camillae

422 850 582 892 adversi
607 858 751 904 campo
775 849 987 903 adparent,
1012 848 1233 902 hastasque
1255 849 1433 890 reductis

420 910 667 966 protendunt
688 910 810 965 longe
834 910 987 952 dextris
1011 916 1052 952 et
1075 910 1231 965 spicula
1253 909 1414 952 vibrant
1421 927 1433 960 3

423 972 703 1025 adventusque
726 971 860 1012 virum
882 970 1151 1025 fremitusque
1174 971 1350 1013 ardescit
1373 985 1580 1025 equorum.

421 1033 584 1086 iamque
606 1032 711 1073 intra
733 1032 885 1073 iactum
908 1032 978 1074 teli
999 1046 1241 1088 progressus
1264 1038 1434 1086 uterque

424 1093 675 1135 constiterat:
701 1092 835 1134 subito
860 1099 1078 1147 erumpunt
1101 1093 1295 1142 clamore,
1320 1093 1573 1147 furentisque

424 1153 687 1195 exhortantur
711 1167 854 1206 equos,
879 1153 1056 1195 fundunt
1080 1153 1202 1195 simul
1223 1154 1403 1207 undique
1427 1154 1508 1195 tela

424 1214 565 1256 crebra
588 1214 693 1256 nivis
717 1215 815 1264 ritu,
842 1215 1082 1268 caelumque
1106 1214 1311 1256 obtexitur
1332 1214 1489 1256 umbra.

424 1276 615 1317 continuo
639 1275 820 1317 adversis
847 1275 1082 1330 Tyrrhenus
1107 1281 1147 1317 et
1169 1274 1497 1317 acer'Aconteus

425 1336 587 1377 connixi
609 1336 819 1377 incurrunt
842 1336 988 1384 hastis,
1013 1336 1215 1391 primique
1237 1335 1397 1376 ruinam

426 1397 525 1438 dant
548 1396 684 1438 sonitu
706 1397 880 1451 ingenti,
905 1396 1189 1451 perfractaque
1213 1396 1593 1451 quadrupedantum

424 1463 587 1512 pectora
611 1457 842 1511 pectoribus
866 1462 1078 1511 rumpunt3
1103 1470 1301 1499 excussus
1325 1456 1537 1499 Aconteus

424 1517 605 1559 fulminis
629 1518 672 1558 in
693 1532 849 1559 morem
873 1523 943 1559 aut
966 1524 1165 1559 tormento
1187 1518 1378 1573 ponderis
1402 1519 1482 1559 acti

423 1578 663 1634 praecipitat
685 1578 805 1634 longe
831 1584 871 1620 et
893 1579 1020 1620 vitam
1043 1579 1241 1635 dispergit
1263 1579 1306 1619 in
1329 1593 1462 1620 auras.

425 1639 628 1694 extemplo
652 1639 836 1681 turbatae
861 1640 987 1690 acies,
1012 1640 1201 1694 versique
1224 1640 1366 1681 Latini

425 1701 596 1741 reiciunt
619 1715 781 1755 parmas
805 1706 846 1742 et
869 1715 995 1754 equos
1019 1701 1073 1742 ad
1095 1701 1256 1742 moenia
1277 1706 1451 1742 vertunt.

426 1762 554 1803 Troes
578 1767 723 1817 agunt,
747 1762 936 1817 princeps
960 1768 1114 1804 turmas
1138 1762 1293 1803 inducit
1314 1761 1469 1804 Asilas.

424 1823 586 1876 iamque
609 1822 937 1877 propinquabant
958 1824 1105 1878 portis,
1129 1837 1352 1876 rursusque
1374 1823 1516 1864 Latini

425 1883 644 1925 clamorem
667 1884 812 1925 tollunt
835 1890 876 1925 et
897 1885 1036 1925 mollia
1059 1885 1163 1926 colla
1184 1885 1415 1926 reflectunt:

424 1944 468 1984 hi
490 1945 670 2000 fugiunt,
694 1945 937 1999 penitusque
961 1945 1065 1986 datis
1088 1945 1318 1986 referuntur
1340 1945 1524 1988 habenis.

425 2005 556 2058 qualis
580 2004 652 2046 ubi
675 2005 828 2046 alterno
851 2019 1093 2059 procurrens
1117 2006 1280 2060 gurgite
1301 2011 1452 2060 pontus

424 2079 532 2106 nunc
553 2065 635 2106 ruit
658 2066 712 2107 ad
734 2071 900 2115 terram,
926 2066 1198 2120 scopulosque
1222 2066 1440 2120 superiacit
1465 2067 1576 2108 unda

426 2140 637 2181 spumeus,
664 2132 967 2180 extremamque
991 2127 1085 2168 sinu
1105 2126 1314 2181 perfundit
1336 2141 1512 2177 arenam,

424 2201 531 2228 nunc
554 2187 719 2241 rapidus
742 2193 849 2229 retro
873 2194 996 2241 atque
1018 2193 1135 2229 aestu
1157 2187 1342 2229 revoluta
1362 2188 1578 2230 resorbens

426 2262 526 2288 saxa
548 2247 672 2303 fugit,
696 2247 875 2301 litusque
899 2248 1006 2290 vado
1028 2248 1190 2290 labente
1211 2247 1413 2302 relinquit.

425 2307 488 2349 bis
513 2308 641 2350 Tusci
662 2308 838 2351 Rutulos
863 2323 983 2365 egere
1007 2309 1060 2351 ad
1082 2309 1244 2351 moenia
1265 2324 1418 2359 versos,

424 2368 488 2411 bis
511 2369 649 2411 reiecti
672 2370 796 2412 armis
819 2375 1050 2426 respectant
1072 2376 1188 2426 terga
1210 2375 1407 2426 tegentes.

425 2430 543 2472 tertia
565 2430 640 2472 sed
661 2437 881 2486 postquam
903 2432 1113 2487 congressi
1135 2431 1179 2472 in
1200 2430 1372 2486 proelia,
1397 2436 1502 2472 totas

424 2491 645 2546 inplicuere
668 2492 774 2535 inter
797 2507 841 2534 se
865 2492 995 2542 acies,
1019 2492 1198 2548 legitque
1222 2492 1355 2534 virum
1378 2491 1438 2532 vir
1445 2507 1457 2541 ;

425 2558 512 2593 tum
535 2567 632 2595 vero
656 2559 697 2595 et
718 2554 897 2610 gemitus
920 2554 1163 2596 morientum
1187 2559 1227 2595 et
1251 2553 1448 2609 sanguine
1471 2553 1514 2593 in
1537 2552 1618 2593 alto

426 2627 618 2667 armaque
642 2629 891 2670 corporaque
915 2620 955 2657 et
976 2615 1167 2671 permixti
1190 2615 1314 2656 caede
1337 2614 1517 2655 virorum

429 2674 684 2716 semianimes
708 2676 927 2718 volvuntur
950 2677 1043 2730 equi
1050 2693 1062 2727 ;
1086 2691 1226 2731 pugna
1249 2690 1394 2730 aspera
1417 2674 1558 2729 surgit.

429 2732 669 2777 Orsilochus
694 2736 875 2787 Remuli,
900 2738 1063 2791 quando
1086 2738 1222 2792 ipsum
1244 2735 1434 2778 horrebat
1457 2734 1579 2784 adire,
