<?xml version="1.0" encoding="UTF-8"?>
<!DOCTYPE html PUBLIC "-//W3C//DTD XHTML 1.0 Transitional//EN"
    "http://www.w3.org/TR/xhtml1/DTD/xhtml1-transitional.dtd">
<html xmlns="http://www.w3.org/1999/xhtml" xml:lang="en" lang="en">
 <head>
  <title>
</title>
<meta http-equiv="Content-Type" content="text/html;charset=utf-8" />
  <meta name='ocr-system' content='tesseract 3.04.00' />
  <meta name='ocr-capabilities' content='ocr_page ocr_carea ocr_par ocr_line ocrx_word'/>
</head>
<body>
  <div class='ocr_page' id='page_1' title='image "./operavirg00virguoft_0195.png"; bbox 0 0 1780 3074; ppageno 0'>
   <div class='ocr_carea' id='block_1_1' title="bbox 0 1593 29 3074">
    <p class='ocr_par' dir='ltr' id='par_1_1' title="bbox 0 1593 29 3074">
     <span class='ocr_line' id='line_1_1' title="bbox 0 1593 29 3074; baseline 0 0"><span class='ocrx_word' id='word_1_1' title='bbox 0 1593 29 3074; x_wconf 95' lang='lat' dir='ltr'> </span> 
     </span>
    </p>
   </div>
   <div class='ocr_carea' id='block_1_2' title="bbox 521 270 978 309">
    <p class='ocr_par' dir='ltr' id='par_1_2' title="bbox 521 270 978 309">
     <span class='ocr_line' id='line_1_2' title="bbox 521 270 978 309; baseline -0.002 -2"><span class='ocrx_word' id='word_1_2' title='bbox 521 270 779 309; x_wconf 86' lang='lat' dir='ltr'>AENEIDOS</span> <span class='ocrx_word' id='word_1_3' title='bbox 798 270 895 307; x_wconf 90' lang='lat' dir='ltr'>LIB.</span> <span class='ocrx_word' id='word_1_4' title='bbox 914 271 978 308; x_wconf 89' lang='lat' dir='ltr'>IV.</span> 
     </span>
    </p>
   </div>
   <div class='ocr_carea' id='block_1_3' title="bbox 0 374 1303 1360">
    <p class='ocr_par' dir='ltr' id='par_1_3' title="bbox 64 374 1094 432">
     <span class='ocr_line' id='line_1_3' title="bbox 64 374 1094 432; baseline -0.003 -13"><span class='ocrx_word' id='word_1_5' title='bbox 64 377 214 419; x_wconf 86' lang='lat' dir='ltr'>Iliacas</span> <span class='ocrx_word' id='word_1_6' title='bbox 237 375 364 432; x_wconf 80' lang='lat' dir='ltr'>igitur</span> <span class='ocrx_word' id='word_1_7' title='bbox 388 375 543 417; x_wconf 83' lang='lat' dir='ltr'>classes</span> <span class='ocrx_word' id='word_1_8' title='bbox 569 383 692 430; x_wconf 85' lang='lat' dir='ltr'>atque</span> <span class='ocrx_word' id='word_1_9' title='bbox 715 375 861 416; x_wconf 87' lang='lat' dir='ltr'>ultima</span> <span class='ocrx_word' id='word_1_10' title='bbox 885 374 1094 416; x_wconf 82' lang='lat' dir='ltr'>Teucrum</span> 
     </span>
    </p>

    <p class='ocr_par' dir='ltr' id='par_1_4' title="bbox 63 433 1183 492">
     <span class='ocr_line' id='line_1_4' title="bbox 63 433 1183 492; baseline -0.003 -11"><span class='ocrx_word' id='word_1_11' title='bbox 63 439 178 482; x_wconf 86' lang='lat' dir='ltr'>iussa</span> <span class='ocrx_word' id='word_1_12' title='bbox 203 433 377 492; x_wconf 78' lang='lat' dir='ltr'>sequar?</span> <span class='ocrx_word' id='word_1_13' title='bbox 402 437 552 492; x_wconf 88' lang='lat' dir='ltr'>quiane</span> <span class='ocrx_word' id='word_1_14' title='bbox 575 437 730 479; x_wconf 88' lang='lat' dir='ltr'>auxilio</span> <span class='ocrx_word' id='word_1_15' title='bbox 753 437 869 478; x_wconf 88' lang='lat' dir='ltr'>iuvat</span> <span class='ocrx_word' id='word_1_16' title='bbox 892 443 988 478; x_wconf 89' lang='lat' dir='ltr'>ante</span> <span class='ocrx_word' id='word_1_17' title='bbox 1010 436 1183 487; x_wconf 87' lang='lat' dir='ltr'>levatos,</span> 
     </span>
    </p>

    <p class='ocr_par' dir='ltr' id='par_1_5' title="bbox 62 498 1303 740">
     <span class='ocr_line' id='line_1_5' title="bbox 64 498 1182 555; baseline -0.001 -14"><span class='ocrx_word' id='word_1_18' title='bbox 64 506 106 541; x_wconf 84' lang='lat' dir='ltr'>et</span> <span class='ocrx_word' id='word_1_19' title='bbox 127 499 232 541; x_wconf 90' lang='lat' dir='ltr'>bene</span> <span class='ocrx_word' id='word_1_20' title='bbox 257 500 369 555; x_wconf 89' lang='lat' dir='ltr'>apud</span> <span class='ocrx_word' id='word_1_21' title='bbox 392 514 596 541; x_wconf 82' lang='lat' dir='ltr'><strong>memores</strong></span> <span class='ocrx_word' id='word_1_22' title='bbox 619 499 771 541; x_wconf 86' lang='lat' dir='ltr'>veteris</span> <span class='ocrx_word' id='word_1_23' title='bbox 797 504 878 540; x_wconf 86' lang='lat' dir='ltr'>stat</span> <span class='ocrx_word' id='word_1_24' title='bbox 901 498 1035 554; x_wconf 88' lang='lat' dir='ltr'>gratia</span> <span class='ocrx_word' id='word_1_25' title='bbox 1057 498 1182 555; x_wconf 85' lang='lat' dir='ltr'>facti?</span> 
     </span>
     <span class='ocr_line' id='line_1_6' title="bbox 63 560 1303 616; baseline 0 -14"><span class='ocrx_word' id='word_1_26' title='bbox 63 560 156 616; x_wconf 84' lang='lat' dir='ltr'>quis</span> <span class='ocrx_word' id='word_1_27' title='bbox 179 575 247 602; x_wconf 91' lang='lat' dir='ltr'>me</span> <span class='ocrx_word' id='word_1_28' title='bbox 271 567 428 610; x_wconf 89' lang='lat' dir='ltr'>autem,</span> <span class='ocrx_word' id='word_1_29' title='bbox 453 561 521 603; x_wconf 87' lang='lat' dir='ltr'>fac</span> <span class='ocrx_word' id='word_1_30' title='bbox 544 561 670 611; x_wconf 88' lang='lat' dir='ltr'>velle,</span> <span class='ocrx_word' id='word_1_31' title='bbox 697 560 821 610; x_wconf 89' lang='lat' dir='ltr'>sinet,</span> <span class='ocrx_word' id='word_1_32' title='bbox 846 560 1088 615; x_wconf 86' lang='lat' dir='ltr'>ratibusque</span> <span class='ocrx_word' id='word_1_33' title='bbox 1113 560 1303 616; x_wconf 84' lang='lat' dir='ltr'>superbis</span> 
     </span>
     <span class='ocr_line' id='line_1_7' title="bbox 63 622 1147 678; baseline -0.001 -14"><span class='ocrx_word' id='word_1_34' title='bbox 63 623 233 665; x_wconf 91' lang='lat' dir='ltr'>inrisam</span> <span class='ocrx_word' id='word_1_35' title='bbox 256 622 455 678; x_wconf 80' lang='lat' dir='ltr'>accipiet?</span> <span class='ocrx_word' id='word_1_36' title='bbox 477 623 614 665; x_wconf 87' lang='lat' dir='ltr'>nescis</span> <span class='ocrx_word' id='word_1_37' title='bbox 638 622 740 672; x_wconf 89' lang='lat' dir='ltr'>heu,</span> <span class='ocrx_word' id='word_1_38' title='bbox 764 622 942 677; x_wconf 82' lang='lat' dir='ltr'>perdita,</span> <span class='ocrx_word' id='word_1_39' title='bbox 968 622 1147 664; x_wconf 86' lang='lat' dir='ltr'>necdum</span> 
     </span>
     <span class='ocr_line' id='line_1_8' title="bbox 62 683 944 740; baseline -0.002 -14"><span class='ocrx_word' id='word_1_40' title='bbox 62 684 403 726; x_wconf 82' lang='lat' dir='ltr'>Laomedonteae</span> <span class='ocrx_word' id='word_1_41' title='bbox 428 684 556 726; x_wconf 89' lang='lat' dir='ltr'>sentis</span> <span class='ocrx_word' id='word_1_42' title='bbox 579 684 760 740; x_wconf 83' lang='lat' dir='ltr'>periuria</span> <span class='ocrx_word' id='word_1_43' title='bbox 781 683 944 739; x_wconf 84' lang='lat' dir='ltr'>gentis?</span> 
     </span>
    </p>

    <p class='ocr_par' dir='ltr' id='par_1_6' title="bbox 64 744 1177 801">
     <span class='ocr_line' id='line_1_9' title="bbox 64 744 1177 801; baseline -0.002 -14"><span class='ocrx_word' id='word_1_44' title='bbox 64 746 166 801; x_wconf 89' lang='lat' dir='ltr'>quid</span> <span class='ocrx_word' id='word_1_45' title='bbox 188 745 302 787; x_wconf 85' lang='lat' dir='ltr'>tum?</span> <span class='ocrx_word' id='word_1_46' title='bbox 325 745 414 787; x_wconf 90' lang='lat' dir='ltr'>sola</span> <span class='ocrx_word' id='word_1_47' title='bbox 435 745 540 800; x_wconf 84' lang='lat' dir='ltr'>fuga</span> <span class='ocrx_word' id='word_1_48' title='bbox 562 750 710 786; x_wconf 82' lang='lat' dir='ltr'>nautas</span> <span class='ocrx_word' id='word_1_49' title='bbox 736 744 966 786; x_wconf 86' lang='lat' dir='ltr'>comitabor</span> <span class='ocrx_word' id='word_1_50' title='bbox 988 745 1177 786; x_wconf 80' lang='lat' dir='ltr'>ovantis?</span> 
     </span>
    </p>

    <p class='ocr_par' dir='ltr' id='par_1_7' title="bbox 65 806 1032 863">
     <span class='ocr_line' id='line_1_10' title="bbox 65 806 1032 863; baseline -0.003 -14"><span class='ocrx_word' id='word_1_51' title='bbox 65 823 119 849; x_wconf 89' lang='lat' dir='ltr'>an</span> <span class='ocrx_word' id='word_1_52' title='bbox 142 807 280 863; x_wconf 85' lang='lat' dir='ltr'>Tyriis</span> <span class='ocrx_word' id='word_1_53' title='bbox 305 806 498 860; x_wconf 84' lang='lat' dir='ltr'>omnique</span> <span class='ocrx_word' id='word_1_54' title='bbox 522 821 648 847; x_wconf 89' lang='lat' dir='ltr'>manu</span> <span class='ocrx_word' id='word_1_55' title='bbox 673 806 823 860; x_wconf 89' lang='lat' dir='ltr'>stipata</span> <span class='ocrx_word' id='word_1_56' title='bbox 846 820 1032 847; x_wconf 91' lang='lat' dir='ltr'>meorum</span> 
     </span>
    </p>

    <p class='ocr_par' dir='ltr' id='par_1_8' title="bbox 64 866 1026 922">
     <span class='ocr_line' id='line_1_11' title="bbox 64 866 1026 922; baseline -0.003 -11"><span class='ocrx_word' id='word_1_57' title='bbox 64 869 218 911; x_wconf 78' lang='lat' dir='ltr'>inserar</span> <span class='ocrx_word' id='word_1_58' title='bbox 241 874 299 919; x_wconf 91' lang='lat' dir='ltr'>et,</span> <span class='ocrx_word' id='word_1_59' title='bbox 325 882 429 922; x_wconf 92' lang='lat' dir='ltr'>quos</span> <span class='ocrx_word' id='word_1_60' title='bbox 456 866 630 909; x_wconf 87' lang='lat' dir='ltr'>Sidonia</span> <span class='ocrx_word' id='word_1_61' title='bbox 652 867 723 908; x_wconf 83' lang='lat' dir='ltr'>vix</span> <span class='ocrx_word' id='word_1_62' title='bbox 745 866 848 908; x_wconf 89' lang='lat' dir='ltr'>urbe</span> <span class='ocrx_word' id='word_1_63' title='bbox 871 867 1026 916; x_wconf 86' lang='lat' dir='ltr'>revelli,</span> 
     </span>
    </p>

    <p class='ocr_par' dir='ltr' id='par_1_9' title="bbox 63 927 1293 1107">
     <span class='ocr_line' id='line_1_12' title="bbox 63 927 1193 985; baseline -0.002 -13"><span class='ocrx_word' id='word_1_64' title='bbox 63 945 206 972; x_wconf 89' lang='lat' dir='ltr'>rursus</span> <span class='ocrx_word' id='word_1_65' title='bbox 230 945 353 985; x_wconf 89' lang='lat' dir='ltr'>agam</span> <span class='ocrx_word' id='word_1_66' title='bbox 375 929 525 985; x_wconf 87' lang='lat' dir='ltr'>pelago</span> <span class='ocrx_word' id='word_1_67' title='bbox 549 934 591 970; x_wconf 91' lang='lat' dir='ltr'>et</span> <span class='ocrx_word' id='word_1_68' title='bbox 612 928 747 970; x_wconf 87' lang='lat' dir='ltr'>ventis</span> <span class='ocrx_word' id='word_1_69' title='bbox 771 928 870 970; x_wconf 86' lang='lat' dir='ltr'>dare</span> <span class='ocrx_word' id='word_1_70' title='bbox 895 927 990 970; x_wconf 91' lang='lat' dir='ltr'>vela</span> <span class='ocrx_word' id='word_1_71' title='bbox 1013 927 1193 970; x_wconf 81' lang='lat' dir='ltr'>iubebo?</span> 
     </span>
     <span class='ocr_line' id='line_1_13' title="bbox 64 990 1293 1047; baseline -0.002 -14"><span class='ocrx_word' id='word_1_72' title='bbox 64 992 165 1047; x_wconf 89' lang='lat' dir='ltr'>quin</span> <span class='ocrx_word' id='word_1_73' title='bbox 186 1005 363 1041; x_wconf 90' lang='lat' dir='ltr'>morere,</span> <span class='ocrx_word' id='word_1_74' title='bbox 388 997 435 1032; x_wconf 95' lang='lat' dir='ltr'>ut</span> <span class='ocrx_word' id='word_1_75' title='bbox 456 991 604 1032; x_wconf 85' lang='lat' dir='ltr'>merita</span> <span class='ocrx_word' id='word_1_76' title='bbox 627 1005 691 1040; x_wconf 88' lang='lat' dir='ltr'>es,</span> <span class='ocrx_word' id='word_1_77' title='bbox 715 990 908 1044; x_wconf 84' lang='lat' dir='ltr'>ferroque</span> <span class='ocrx_word' id='word_1_78' title='bbox 933 996 1072 1032; x_wconf 86' lang='lat' dir='ltr'>averte</span> <span class='ocrx_word' id='word_1_79' title='bbox 1097 990 1293 1032; x_wconf 90' lang='lat' dir='ltr'>dolorem.</span> 
     </span>
     <span class='ocr_line' id='line_1_14' title="bbox 63 1051 1079 1107; baseline -0.002 -13"><span class='ocrx_word' id='word_1_80' title='bbox 63 1059 110 1094; x_wconf 86' lang='lat' dir='ltr'>tu</span> <span class='ocrx_word' id='word_1_81' title='bbox 132 1052 313 1094; x_wconf 85' lang='lat' dir='ltr'>lacrimis</span> <span class='ocrx_word' id='word_1_82' title='bbox 339 1052 474 1094; x_wconf 86' lang='lat' dir='ltr'>evicta</span> <span class='ocrx_word' id='word_1_83' title='bbox 496 1052 620 1102; x_wconf 90' lang='lat' dir='ltr'>meis,</span> <span class='ocrx_word' id='word_1_84' title='bbox 645 1058 692 1093; x_wconf 88' lang='lat' dir='ltr'>tu</span> <span class='ocrx_word' id='word_1_85' title='bbox 715 1051 850 1107; x_wconf 87' lang='lat' dir='ltr'>prima</span> <span class='ocrx_word' id='word_1_86' title='bbox 872 1051 1079 1093; x_wconf 85' lang='lat' dir='ltr'>furentem</span> 
     </span>
    </p>

    <p class='ocr_par' dir='ltr' id='par_1_10' title="bbox 63 1113 1156 1170">
     <span class='ocr_line' id='line_1_15' title="bbox 63 1113 1156 1170; baseline -0.002 -14"><span class='ocrx_word' id='word_1_87' title='bbox 63 1114 147 1165; x_wconf 85' lang='lat' dir='ltr'>his,</span> <span class='ocrx_word' id='word_1_88' title='bbox 172 1128 389 1170; x_wconf 85' lang='lat' dir='ltr'>germana,</span> <span class='ocrx_word' id='word_1_89' title='bbox 414 1113 534 1155; x_wconf 88' lang='lat' dir='ltr'>malis</span> <span class='ocrx_word' id='word_1_90' title='bbox 560 1121 707 1156; x_wconf 84' lang='lat' dir='ltr'>oneras</span> <span class='ocrx_word' id='word_1_91' title='bbox 732 1119 856 1168; x_wconf 90' lang='lat' dir='ltr'>atque</span> <span class='ocrx_word' id='word_1_92' title='bbox 880 1113 1010 1156; x_wconf 92' lang='lat' dir='ltr'>obicis</span> <span class='ocrx_word' id='word_1_93' title='bbox 1033 1113 1156 1155; x_wconf 90' lang='lat' dir='ltr'>hosti.</span> 
     </span>
    </p>

    <p class='ocr_par' dir='ltr' id='par_1_11' title="bbox 62 1175 1174 1294">
     <span class='ocr_line' id='line_1_16' title="bbox 62 1175 1174 1231; baseline -0.002 -13"><span class='ocrx_word' id='word_1_94' title='bbox 62 1190 147 1218; x_wconf 92' lang='lat' dir='ltr'>non</span> <span class='ocrx_word' id='word_1_95' title='bbox 168 1175 284 1217; x_wconf 86' lang='lat' dir='ltr'>licuit</span> <span class='ocrx_word' id='word_1_96' title='bbox 306 1175 477 1217; x_wconf 81' lang='lat' dir='ltr'>thalami</span> <span class='ocrx_word' id='word_1_97' title='bbox 501 1181 713 1231; x_wconf 84' lang='lat' dir='ltr'>expertem</span> <span class='ocrx_word' id='word_1_98' title='bbox 738 1175 826 1217; x_wconf 87' lang='lat' dir='ltr'>sine</span> <span class='ocrx_word' id='word_1_99' title='bbox 851 1175 1021 1217; x_wconf 89' lang='lat' dir='ltr'>crimine</span> <span class='ocrx_word' id='word_1_100' title='bbox 1045 1175 1174 1216; x_wconf 85' lang='lat' dir='ltr'>vitam</span> 
     </span>
     <span class='ocr_line' id='line_1_17' title="bbox 63 1237 1118 1294; baseline -0.001 -15"><span class='ocrx_word' id='word_1_101' title='bbox 63 1237 234 1294; x_wconf 88' lang='lat' dir='ltr'>degere,</span> <span class='ocrx_word' id='word_1_102' title='bbox 259 1252 374 1279; x_wconf 89' lang='lat' dir='ltr'>more</span> <span class='ocrx_word' id='word_1_103' title='bbox 397 1237 529 1287; x_wconf 87' lang='lat' dir='ltr'>ferae,</span> <span class='ocrx_word' id='word_1_104' title='bbox 555 1237 649 1280; x_wconf 84' lang='lat' dir='ltr'>talis</span> <span class='ocrx_word' id='word_1_105' title='bbox 673 1252 751 1279; x_wconf 84' lang='lat' dir='ltr'>nec</span> <span class='ocrx_word' id='word_1_106' title='bbox 774 1244 946 1294; x_wconf 86' lang='lat' dir='ltr'>tangere</span> <span class='ocrx_word' id='word_1_107' title='bbox 971 1237 1118 1278; x_wconf 84' lang='lat' dir='ltr'>curas?</span> 
     </span>
    </p>

    <p class='ocr_par' dir='ltr' id='par_1_12' title="bbox 0 1298 1137 1360">
     <span class='ocr_line' id='line_1_18' title="bbox 0 1298 1137 1360; baseline -0.001 -19"><span class='ocrx_word' id='word_1_108' title='bbox 0 1341 2 1360; x_wconf 32' lang='grc' dir='ltr'>ἰ</span> <span class='ocrx_word' id='word_1_109' title='bbox 63 1314 148 1341; x_wconf 89' lang='lat' dir='ltr'>non</span> <span class='ocrx_word' id='word_1_110' title='bbox 171 1305 335 1341; x_wconf 87' lang='lat' dir='ltr'>servata</span> <span class='ocrx_word' id='word_1_111' title='bbox 357 1299 480 1349; x_wconf 87' lang='lat' dir='ltr'>fides,</span> <span class='ocrx_word' id='word_1_112' title='bbox 507 1299 635 1341; x_wconf 90' lang='lat' dir='ltr'>cineri</span> <span class='ocrx_word' id='word_1_113' title='bbox 656 1299 862 1355; x_wconf 88' lang='lat' dir='ltr'>promissa</span> <span class='ocrx_word' id='word_1_114' title='bbox 887 1298 1137 1354; x_wconf 86' lang='lat' dir='ltr'>Sychaeo?“</span> 
     </span>
    </p>
   </div>
   <div class='ocr_carea' id='block_1_4' title="bbox 0 1360 1038 1416">
    <p class='ocr_par' dir='ltr' id='par_1_13' title="bbox 0 1360 1038 1416">
     <span class='ocr_line' id='line_1_19' title="bbox 0 1360 1038 1416; baseline 0 -14"><span class='ocrx_word' id='word_1_115' title='bbox 0 1364 2 1392; x_wconf 61' lang='grc' dir='ltr'>ῑ</span> <span class='ocrx_word' id='word_1_116' title='bbox 63 1366 200 1402; x_wconf 88' lang='lat' dir='ltr'>tantos</span> <span class='ocrx_word' id='word_1_117' title='bbox 224 1360 295 1402; x_wconf 90' lang='lat' dir='ltr'>illa</span> <span class='ocrx_word' id='word_1_118' title='bbox 320 1375 396 1402; x_wconf 93' lang='lat' dir='ltr'>suo</span> <span class='ocrx_word' id='word_1_119' title='bbox 419 1360 640 1416; x_wconf 87' lang='lat' dir='ltr'>rumpebat</span> <span class='ocrx_word' id='word_1_120' title='bbox 662 1367 829 1416; x_wconf 87' lang='lat' dir='ltr'>pectore</span> <span class='ocrx_word' id='word_1_121' title='bbox 853 1367 1038 1415; x_wconf 86' lang='lat' dir='ltr'>questus.</span> 
     </span>
    </p>
   </div>
   <div class='ocr_carea' id='block_1_5' title="bbox 3 1421 1307 2585">
    <p class='ocr_par' dir='ltr' id='par_1_14' title="bbox 3 1421 1307 2585">
     <span class='ocr_line' id='line_1_20' title="bbox 121 1421 1066 1478; baseline 0 -14"><span class='ocrx_word' id='word_1_122' title='bbox 121 1421 290 1464; x_wconf 85' lang='lat' dir='ltr'>Aeneas</span> <span class='ocrx_word' id='word_1_123' title='bbox 317 1422 429 1464; x_wconf 87' lang='lat' dir='ltr'>celsa</span> <span class='ocrx_word' id='word_1_124' title='bbox 450 1422 495 1463; x_wconf 94' lang='lat' dir='ltr'>in</span> <span class='ocrx_word' id='word_1_125' title='bbox 517 1423 648 1478; x_wconf 89' lang='lat' dir='ltr'>puppi</span> <span class='ocrx_word' id='word_1_126' title='bbox 672 1423 755 1464; x_wconf 90' lang='lat' dir='ltr'>iam</span> <span class='ocrx_word' id='word_1_127' title='bbox 779 1428 915 1464; x_wconf 88' lang='lat' dir='ltr'>certus</span> <span class='ocrx_word' id='word_1_128' title='bbox 940 1422 1066 1464; x_wconf 87' lang='lat' dir='ltr'>eundi</span> 
     </span>
     <span class='ocr_line' id='line_1_21' title="bbox 65 1483 1024 1540; baseline 0.001 -15"><span class='ocrx_word' id='word_1_129' title='bbox 65 1483 261 1540; x_wconf 87' lang='lat' dir='ltr'>carpebat</span> <span class='ocrx_word' id='word_1_130' title='bbox 285 1498 475 1534; x_wconf 90' lang='lat' dir='ltr'>somnos,</span> <span class='ocrx_word' id='word_1_131' title='bbox 500 1484 625 1526; x_wconf 88' lang='lat' dir='ltr'>rebus</span> <span class='ocrx_word' id='word_1_132' title='bbox 650 1484 733 1526; x_wconf 89' lang='lat' dir='ltr'>iam</span> <span class='ocrx_word' id='word_1_133' title='bbox 755 1484 832 1526; x_wconf 89' lang='lat' dir='ltr'>rite</span> <span class='ocrx_word' id='word_1_134' title='bbox 855 1483 1024 1539; x_wconf 88' lang='lat' dir='ltr'>paratis.</span> 
     </span>
     <span class='ocr_line' id='line_1_22' title="bbox 63 1545 1022 1588; baseline 0 -1"><span class='ocrx_word' id='word_1_135' title='bbox 63 1545 161 1587; x_wconf 87' lang='lat' dir='ltr'>huic</span> <span class='ocrx_word' id='word_1_136' title='bbox 184 1560 230 1588; x_wconf 89' lang='lat' dir='ltr'>se</span> <span class='ocrx_word' id='word_1_137' title='bbox 253 1545 388 1588; x_wconf 86' lang='lat' dir='ltr'>forma</span> <span class='ocrx_word' id='word_1_138' title='bbox 411 1546 478 1588; x_wconf 91' lang='lat' dir='ltr'>dei</span> <span class='ocrx_word' id='word_1_139' title='bbox 501 1546 618 1588; x_wconf 84' lang='lat' dir='ltr'>voltu</span> <span class='ocrx_word' id='word_1_140' title='bbox 641 1546 851 1587; x_wconf 88' lang='lat' dir='ltr'>redeuntis</span> <span class='ocrx_word' id='word_1_141' title='bbox 876 1545 1022 1588; x_wconf 90' lang='lat' dir='ltr'>eodem</span> 
     </span>
     <span class='ocr_line' id='line_1_23' title="bbox 64 1607 1217 1662; baseline -0.002 -13"><span class='ocrx_word' id='word_1_142' title='bbox 64 1607 213 1650; x_wconf 91' lang='lat' dir='ltr'>obtulit</span> <span class='ocrx_word' id='word_1_143' title='bbox 234 1608 279 1649; x_wconf 92' lang='lat' dir='ltr'>in</span> <span class='ocrx_word' id='word_1_144' title='bbox 303 1608 477 1659; x_wconf 90' lang='lat' dir='ltr'>somnis,</span> <span class='ocrx_word' id='word_1_145' title='bbox 502 1622 730 1662; x_wconf 89' lang='lat' dir='ltr'>rursusque</span> <span class='ocrx_word' id='word_1_146' title='bbox 754 1607 812 1648; x_wconf 85' lang='lat' dir='ltr'>ita</span> <span class='ocrx_word' id='word_1_147' title='bbox 834 1608 926 1649; x_wconf 85' lang='lat' dir='ltr'>visa</span> <span class='ocrx_word' id='word_1_148' title='bbox 949 1622 1116 1650; x_wconf 87' lang='lat' dir='ltr'>monere</span> <span class='ocrx_word' id='word_1_149' title='bbox 1141 1613 1217 1657; x_wconf 82' lang='lat' dir='ltr'>est,</span> 
     </span>
     <span class='ocr_line' id='line_1_24' title="bbox 64 1668 1167 1724; baseline 0.001 -14"><span class='ocrx_word' id='word_1_150' title='bbox 64 1669 204 1710; x_wconf 90' lang='lat' dir='ltr'>omnia</span> <span class='ocrx_word' id='word_1_151' title='bbox 226 1668 436 1711; x_wconf 88' lang='lat' dir='ltr'>Mercurio</span> <span class='ocrx_word' id='word_1_152' title='bbox 462 1669 627 1719; x_wconf 88' lang='lat' dir='ltr'>similis,</span> <span class='ocrx_word' id='word_1_153' title='bbox 653 1683 881 1723; x_wconf 89' lang='lat' dir='ltr'>vocemque</span> <span class='ocrx_word' id='word_1_154' title='bbox 905 1669 1167 1724; x_wconf 89' lang='lat' dir='ltr'>coloremque</span> 
     </span>
     <span class='ocr_line' id='line_1_25' title="bbox 65 1731 1066 1774; baseline 0.001 -2"><span class='ocrx_word' id='word_1_155' title='bbox 65 1737 107 1773; x_wconf 91' lang='lat' dir='ltr'>et</span> <span class='ocrx_word' id='word_1_156' title='bbox 130 1731 253 1773; x_wconf 88' lang='lat' dir='ltr'>crinis</span> <span class='ocrx_word' id='word_1_157' title='bbox 277 1731 407 1773; x_wconf 90' lang='lat' dir='ltr'>flavos</span> <span class='ocrx_word' id='word_1_158' title='bbox 433 1738 474 1773; x_wconf 92' lang='lat' dir='ltr'>et</span> <span class='ocrx_word' id='word_1_159' title='bbox 497 1731 684 1774; x_wconf 88' lang='lat' dir='ltr'>membra</span> <span class='ocrx_word' id='word_1_160' title='bbox 707 1732 858 1773; x_wconf 88' lang='lat' dir='ltr'>decora</span> <span class='ocrx_word' id='word_1_161' title='bbox 881 1731 1066 1773; x_wconf 86' lang='lat' dir='ltr'>iuventa:</span> 
     </span>
     <span class='ocr_line' id='line_1_26' title="bbox 67 1793 1166 1849; baseline 0.001 -15"><span class='ocrx_word' id='word_1_162' title='bbox 67 1799 188 1844; x_wconf 89' lang='lat' dir='ltr'>„nate</span> <span class='ocrx_word' id='word_1_163' title='bbox 213 1793 308 1843; x_wconf 89' lang='lat' dir='ltr'>dea,</span> <span class='ocrx_word' id='word_1_164' title='bbox 332 1799 451 1849; x_wconf 89' lang='lat' dir='ltr'>potes</span> <span class='ocrx_word' id='word_1_165' title='bbox 475 1793 555 1836; x_wconf 93' lang='lat' dir='ltr'>hoc</span> <span class='ocrx_word' id='word_1_166' title='bbox 580 1793 658 1835; x_wconf 91' lang='lat' dir='ltr'>sub</span> <span class='ocrx_word' id='word_1_167' title='bbox 684 1808 786 1835; x_wconf 90' lang='lat' dir='ltr'>casu</span> <span class='ocrx_word' id='word_1_168' title='bbox 810 1793 960 1834; x_wconf 91' lang='lat' dir='ltr'>ducere</span> <span class='ocrx_word' id='word_1_169' title='bbox 985 1808 1166 1843; x_wconf 90' lang='lat' dir='ltr'>somnos,</span> 
     </span>
     <span class='ocr_line' id='line_1_27' title="bbox 64 1854 1217 1910; baseline 0 -14"><span class='ocrx_word' id='word_1_170' title='bbox 64 1869 141 1896; x_wconf 89' lang='lat' dir='ltr'>nec</span> <span class='ocrx_word' id='word_1_171' title='bbox 165 1869 272 1908; x_wconf 87' lang='lat' dir='ltr'>quae</span> <span class='ocrx_word' id='word_1_172' title='bbox 296 1861 336 1896; x_wconf 91' lang='lat' dir='ltr'>te</span> <span class='ocrx_word' id='word_1_173' title='bbox 361 1855 516 1897; x_wconf 92' lang='lat' dir='ltr'>circum</span> <span class='ocrx_word' id='word_1_174' title='bbox 540 1861 650 1897; x_wconf 88' lang='lat' dir='ltr'>stent</span> <span class='ocrx_word' id='word_1_175' title='bbox 673 1854 824 1896; x_wconf 90' lang='lat' dir='ltr'>deinde</span> <span class='ocrx_word' id='word_1_176' title='bbox 847 1854 1033 1910; x_wconf 90' lang='lat' dir='ltr'>pericula</span> <span class='ocrx_word' id='word_1_177' title='bbox 1057 1855 1217 1896; x_wconf 85' lang='lat' dir='ltr'>cernis?</span> 
     </span>
     <span class='ocr_line' id='line_1_28' title="bbox 66 1915 1172 1972; baseline 0.001 -15"><span class='ocrx_word' id='word_1_178' title='bbox 66 1915 256 1957; x_wconf 82' lang='lat' dir='ltr'>demens!</span> <span class='ocrx_word' id='word_1_179' title='bbox 281 1930 358 1958; x_wconf 92' lang='lat' dir='ltr'>nec</span> <span class='ocrx_word' id='word_1_180' title='bbox 381 1916 587 1972; x_wconf 88' lang='lat' dir='ltr'>zephyros</span> <span class='ocrx_word' id='word_1_181' title='bbox 612 1916 732 1958; x_wconf 90' lang='lat' dir='ltr'>audis</span> <span class='ocrx_word' id='word_1_182' title='bbox 758 1916 915 1972; x_wconf 86' lang='lat' dir='ltr'>spirare</span> <span class='ocrx_word' id='word_1_183' title='bbox 940 1916 1172 1958; x_wconf 84' lang='lat' dir='ltr'>secundos?</span> 
     </span>
     <span class='ocr_line' id='line_1_29' title="bbox 65 1975 1094 2033; baseline 0.002 -16"><span class='ocrx_word' id='word_1_184' title='bbox 65 1976 136 2018; x_wconf 84' lang='lat' dir='ltr'>illa</span> <span class='ocrx_word' id='word_1_185' title='bbox 158 1976 275 2018; x_wconf 90' lang='lat' dir='ltr'>dolos</span> <span class='ocrx_word' id='word_1_186' title='bbox 300 1978 517 2032; x_wconf 90' lang='lat' dir='ltr'>dirumque</span> <span class='ocrx_word' id='word_1_187' title='bbox 540 1978 660 2020; x_wconf 88' lang='lat' dir='ltr'>nefas</span> <span class='ocrx_word' id='word_1_188' title='bbox 684 1978 729 2019; x_wconf 89' lang='lat' dir='ltr'>in</span> <span class='ocrx_word' id='word_1_189' title='bbox 750 1975 918 2033; x_wconf 85' lang='lat' dir='ltr'>pectore</span> <span class='ocrx_word' id='word_1_190' title='bbox 942 1984 1094 2028; x_wconf 87' lang='lat' dir='ltr'>versat,</span> 
     </span>
     <span class='ocr_line' id='line_1_30' title="bbox 67 2038 1074 2094; baseline 0.002 -15"><span class='ocrx_word' id='word_1_191' title='bbox 67 2044 179 2080; x_wconf 86' lang='lat' dir='ltr'>certa</span> <span class='ocrx_word' id='word_1_192' title='bbox 200 2038 322 2088; x_wconf 88' lang='lat' dir='ltr'>mori,</span> <span class='ocrx_word' id='word_1_193' title='bbox 350 2040 544 2094; x_wconf 89' lang='lat' dir='ltr'>varioque</span> <span class='ocrx_word' id='word_1_194' title='bbox 567 2041 722 2082; x_wconf 86' lang='lat' dir='ltr'>irarum</span> <span class='ocrx_word' id='word_1_195' title='bbox 746 2040 919 2082; x_wconf 86' lang='lat' dir='ltr'>fluctuat</span> <span class='ocrx_word' id='word_1_196' title='bbox 943 2046 1074 2081; x_wconf 83' lang='lat' dir='ltr'>aestu.</span> 
     </span>
     <span class='ocr_line' id='line_1_31' title="bbox 66 2099 1307 2157; baseline 0.002 -17"><span class='ocrx_word' id='word_1_197' title='bbox 66 2114 151 2141; x_wconf 92' lang='lat' dir='ltr'>non</span> <span class='ocrx_word' id='word_1_198' title='bbox 172 2099 284 2156; x_wconf 87' lang='lat' dir='ltr'>fugis</span> <span class='ocrx_word' id='word_1_199' title='bbox 308 2100 405 2142; x_wconf 92' lang='lat' dir='ltr'>hinc</span> <span class='ocrx_word' id='word_1_200' title='bbox 428 2116 648 2157; x_wconf 90' lang='lat' dir='ltr'>praeceps,</span> <span class='ocrx_word' id='word_1_201' title='bbox 674 2102 774 2143; x_wconf 90' lang='lat' dir='ltr'>dum</span> <span class='ocrx_word' id='word_1_202' title='bbox 798 2101 1070 2157; x_wconf 83' lang='lat' dir='ltr'>praecipitare</span> <span class='ocrx_word' id='word_1_203' title='bbox 1093 2102 1307 2157; x_wconf 84' lang='lat' dir='ltr'>potestas?</span> 
     </span>
     <span class='ocr_line' id='line_1_32' title="bbox 66 2160 1141 2218; baseline 0.002 -16"><span class='ocrx_word' id='word_1_204' title='bbox 66 2160 150 2202; x_wconf 84' lang='lat' dir='ltr'>iam</span> <span class='ocrx_word' id='word_1_205' title='bbox 173 2176 287 2203; x_wconf 91' lang='lat' dir='ltr'>mare</span> <span class='ocrx_word' id='word_1_206' title='bbox 311 2162 467 2204; x_wconf 87' lang='lat' dir='ltr'>turbari</span> <span class='ocrx_word' id='word_1_207' title='bbox 490 2163 698 2213; x_wconf 87' lang='lat' dir='ltr'>trabibus,</span> <span class='ocrx_word' id='word_1_208' title='bbox 725 2178 956 2218; x_wconf 87' lang='lat' dir='ltr'>saevasque</span> <span class='ocrx_word' id='word_1_209' title='bbox 980 2162 1141 2205; x_wconf 87' lang='lat' dir='ltr'>videbis</span> 
     </span>
     <span class='ocr_line' id='line_1_33' title="bbox 69 2221 1092 2274; baseline 0.004 -12"><span class='ocrx_word' id='word_1_210' title='bbox 69 2221 284 2263; x_wconf 89' lang='lat' dir='ltr'>conlucere</span> <span class='ocrx_word' id='word_1_211' title='bbox 308 2222 441 2273; x_wconf 85' lang='lat' dir='ltr'>faces,</span> <span class='ocrx_word' id='word_1_212' title='bbox 466 2224 550 2264; x_wconf 89' lang='lat' dir='ltr'>iam</span> <span class='ocrx_word' id='word_1_213' title='bbox 573 2224 734 2266; x_wconf 86' lang='lat' dir='ltr'>fervere</span> <span class='ocrx_word' id='word_1_214' title='bbox 756 2224 878 2265; x_wconf 87' lang='lat' dir='ltr'>litora</span> <span class='ocrx_word' id='word_1_215' title='bbox 899 2224 1092 2274; x_wconf 86' lang='lat' dir='ltr'>flammis,</span> 
     </span>
     <span class='ocr_line' id='line_1_34' title="bbox 70 2282 1040 2338; baseline 0.003 -15"><span class='ocrx_word' id='word_1_216' title='bbox 70 2282 107 2324; x_wconf 85' lang='lat' dir='ltr'>si</span> <span class='ocrx_word' id='word_1_217' title='bbox 129 2288 170 2324; x_wconf 88' lang='lat' dir='ltr'>te</span> <span class='ocrx_word' id='word_1_218' title='bbox 192 2282 258 2324; x_wconf 88' lang='lat' dir='ltr'>his</span> <span class='ocrx_word' id='word_1_219' title='bbox 282 2283 462 2338; x_wconf 87' lang='lat' dir='ltr'>attigerit</span> <span class='ocrx_word' id='word_1_220' title='bbox 485 2285 602 2326; x_wconf 85' lang='lat' dir='ltr'>terris</span> <span class='ocrx_word' id='word_1_221' title='bbox 627 2300 775 2326; x_wconf 87' lang='lat' dir='ltr'>aurora</span> <span class='ocrx_word' id='word_1_222' title='bbox 798 2291 1040 2326; x_wconf 90' lang='lat' dir='ltr'>morantem.</span> 
     </span>
     <span class='ocr_line' id='line_1_35' title="bbox 3 2343 1290 2401; baseline 0.003 -17"><span class='ocrx_word' id='word_1_223' title='bbox 3 2362 17 2379; x_wconf 56' lang='grc' dir='ltr'><strong>ν</strong></span> <span class='ocrx_word' id='word_1_224' title='bbox 69 2343 164 2385; x_wconf 85' lang='lat' dir='ltr'>heia</span> <span class='ocrx_word' id='word_1_225' title='bbox 187 2358 284 2400; x_wconf 85' lang='lat' dir='ltr'>age,</span> <span class='ocrx_word' id='word_1_226' title='bbox 308 2359 455 2399; x_wconf 85' lang='lat' dir='ltr'>rumpe</span> <span class='ocrx_word' id='word_1_227' title='bbox 478 2360 630 2387; x_wconf 87' lang='lat' dir='ltr'>moras.</span> <span class='ocrx_word' id='word_1_228' title='bbox 654 2346 816 2387; x_wconf 83' lang='lat' dir='ltr'>varium</span> <span class='ocrx_word' id='word_1_229' title='bbox 839 2352 882 2387; x_wconf 89' lang='lat' dir='ltr'>et</span> <span class='ocrx_word' id='word_1_230' title='bbox 903 2346 1102 2388; x_wconf 79' lang='lat' dir='ltr'>mutabile</span> <span class='ocrx_word' id='word_1_231' title='bbox 1127 2361 1290 2401; x_wconf 86' lang='lat' dir='ltr'>semper</span> 
     </span>
     <span class='ocr_line' id='line_1_36' title="bbox 69 2405 1074 2449; baseline 0.002 -3"><span class='ocrx_word' id='word_1_232' title='bbox 69 2405 264 2447; x_wconf 84' lang='lat' dir='ltr'>femina.“</span> <span class='ocrx_word' id='word_1_233' title='bbox 291 2406 350 2447; x_wconf 91' lang='lat' dir='ltr'>sic</span> <span class='ocrx_word' id='word_1_234' title='bbox 374 2405 486 2448; x_wconf 87' lang='lat' dir='ltr'>satus</span> <span class='ocrx_word' id='word_1_235' title='bbox 510 2407 621 2448; x_wconf 89' lang='lat' dir='ltr'>nocti</span> <span class='ocrx_word' id='word_1_236' title='bbox 646 2421 691 2448; x_wconf 89' lang='lat' dir='ltr'>se</span> <span class='ocrx_word' id='word_1_237' title='bbox 714 2407 926 2448; x_wconf 89' lang='lat' dir='ltr'>inmiscuit</span> <span class='ocrx_word' id='word_1_238' title='bbox 949 2414 1074 2449; x_wconf 84' lang='lat' dir='ltr'>atrae.</span> 
     </span>
     <span class='ocr_line' id='line_1_37' title="bbox 127 2467 1150 2510; baseline 0.002 -2"><span class='ocrx_word' id='word_1_239' title='bbox 127 2467 238 2508; x_wconf 93' lang='lat' dir='ltr'>Tum</span> <span class='ocrx_word' id='word_1_240' title='bbox 261 2482 359 2509; x_wconf 83' lang='lat' dir='ltr'>vero</span> <span class='ocrx_word' id='word_1_241' title='bbox 384 2467 553 2510; x_wconf 88' lang='lat' dir='ltr'>Aeneas</span> <span class='ocrx_word' id='word_1_242' title='bbox 578 2468 726 2510; x_wconf 88' lang='lat' dir='ltr'>subitis</span> <span class='ocrx_word' id='word_1_243' title='bbox 750 2468 968 2510; x_wconf 83' lang='lat' dir='ltr'>exterritus</span> <span class='ocrx_word' id='word_1_244' title='bbox 992 2467 1150 2510; x_wconf 85' lang='lat' dir='ltr'>umbris</span> 
     </span>
     <span class='ocr_line' id='line_1_38' title="bbox 7 2528 1063 2585; baseline 0 -15"><span class='ocrx_word' id='word_1_245' title='bbox 7 2577 9 2583; x_wconf 22' lang='lat' dir='ltr'><em>A</em></span> <span class='ocrx_word' id='word_1_246' title='bbox 72 2528 238 2584; x_wconf 88' lang='lat' dir='ltr'>corripit</span> <span class='ocrx_word' id='word_1_247' title='bbox 262 2543 284 2570; x_wconf 89' lang='lat' dir='ltr'>e</span> <span class='ocrx_word' id='word_1_248' title='bbox 309 2544 455 2571; x_wconf 90' lang='lat' dir='ltr'>somno</span> <span class='ocrx_word' id='word_1_249' title='bbox 480 2544 629 2584; x_wconf 88' lang='lat' dir='ltr'>corpus</span> <span class='ocrx_word' id='word_1_250' title='bbox 655 2529 873 2583; x_wconf 87' lang='lat' dir='ltr'>sociosque</span> <span class='ocrx_word' id='word_1_251' title='bbox 897 2529 1063 2585; x_wconf 86' lang='lat' dir='ltr'>fatigat:</span> 
     </span>
    </p>
   </div>
   <div class='ocr_carea' id='block_1_6' title="bbox 4 2591 1194 2647">
    <p class='ocr_par' dir='ltr' id='par_1_15' title="bbox 4 2591 1194 2647">
     <span class='ocr_line' id='line_1_39' title="bbox 4 2591 1194 2647; baseline 0.002 -18"><span class='ocrx_word' id='word_1_252' title='bbox 4 2604 8 2628; x_wconf 73' lang='lat' dir='ltr'><strong>z</strong></span> <span class='ocrx_word' id='word_1_253' title='bbox 75 2591 344 2646; x_wconf 88' lang='lat' dir='ltr'>„praecipites</span> <span class='ocrx_word' id='word_1_254' title='bbox 368 2591 554 2647; x_wconf 87' lang='lat' dir='ltr'>vigilate,</span> <span class='ocrx_word' id='word_1_255' title='bbox 579 2591 675 2640; x_wconf 88' lang='lat' dir='ltr'>viri,</span> <span class='ocrx_word' id='word_1_256' title='bbox 700 2597 741 2633; x_wconf 90' lang='lat' dir='ltr'>et</span> <span class='ocrx_word' id='word_1_257' title='bbox 764 2591 964 2632; x_wconf 88' lang='lat' dir='ltr'>considite</span> <span class='ocrx_word' id='word_1_258' title='bbox 988 2591 1194 2640; x_wconf 82' lang='lat' dir='ltr'>transtris3</span> 
     </span>
    </p>
   </div>
   <div class='ocr_carea' id='block_1_7' title="bbox 74 2651 1206 2821">
    <p class='ocr_par' dir='ltr' id='par_1_16' title="bbox 74 2651 1206 2821">
     <span class='ocr_line' id='line_1_40' title="bbox 74 2651 1122 2695; baseline 0.001 -2"><span class='ocrx_word' id='word_1_259' title='bbox 74 2651 219 2694; x_wconf 85' lang='lat' dir='ltr'>solvite</span> <span class='ocrx_word' id='word_1_260' title='bbox 243 2652 335 2694; x_wconf 88' lang='lat' dir='ltr'>vela</span> <span class='ocrx_word' id='word_1_261' title='bbox 359 2653 441 2695; x_wconf 87' lang='lat' dir='ltr'>citi.</span> <span class='ocrx_word' id='word_1_262' title='bbox 468 2653 570 2694; x_wconf 90' lang='lat' dir='ltr'>deus</span> <span class='ocrx_word' id='word_1_263' title='bbox 595 2652 760 2694; x_wconf 88' lang='lat' dir='ltr'>aethere</span> <span class='ocrx_word' id='word_1_264' title='bbox 782 2652 936 2694; x_wconf 90' lang='lat' dir='ltr'>missus</span> <span class='ocrx_word' id='word_1_265' title='bbox 962 2652 1015 2694; x_wconf 90' lang='lat' dir='ltr'>ab</span> <span class='ocrx_word' id='word_1_266' title='bbox 1040 2653 1122 2694; x_wconf 85' lang='lat' dir='ltr'>alto</span> 
     </span>
     <span class='ocr_line' id='line_1_41' title="bbox 74 2713 1015 2771; baseline 0.002 -17"><span class='ocrx_word' id='word_1_267' title='bbox 74 2713 269 2756; x_wconf 89' lang='lat' dir='ltr'>festinare</span> <span class='ocrx_word' id='word_1_268' title='bbox 293 2714 438 2771; x_wconf 89' lang='lat' dir='ltr'>fugam</span> <span class='ocrx_word' id='word_1_269' title='bbox 463 2721 675 2769; x_wconf 87' lang='lat' dir='ltr'>tortosque</span> <span class='ocrx_word' id='word_1_270' title='bbox 699 2714 879 2756; x_wconf 88' lang='lat' dir='ltr'>incidere</span> <span class='ocrx_word' id='word_1_271' title='bbox 904 2714 1015 2756; x_wconf 88' lang='lat' dir='ltr'>funis</span> 
     </span>
     <span class='ocr_line' id='line_1_42' title="bbox 1126 2785 1206 2821; baseline 0 0"><span class='ocrx_word' id='word_1_272' title='bbox 1126 2785 1206 2821; x_wconf 57' lang='lat' dir='ltr'>ll*</span> 
     </span>
    </p>
   </div>
   <div class='ocr_carea' id='block_1_8' title="bbox 1453 573 1518 605">
    <p class='ocr_par' dir='ltr' id='par_1_17' title="bbox 1453 573 1518 605">
     <span class='ocr_line' id='line_1_43' title="bbox 1453 573 1518 605; baseline -0.046 0"><span class='ocrx_word' id='word_1_273' title='bbox 1453 573 1518 605; x_wconf 78' lang='lat'>540</span> 
     </span>
    </p>
   </div>
   <div class='ocr_carea' id='block_1_9' title="bbox 1456 882 1521 912">
    <p class='ocr_par' dir='ltr' id='par_1_18' title="bbox 1456 882 1521 912">
     <span class='ocr_line' id='line_1_44' title="bbox 1456 882 1521 912; baseline -0.015 0"><span class='ocrx_word' id='word_1_274' title='bbox 1456 882 1521 912; x_wconf 83' lang='lat'>545</span> 
     </span>
    </p>
   </div>
   <div class='ocr_carea' id='block_1_10' title="bbox 1456 1188 1522 1219">
    <p class='ocr_par' dir='ltr' id='par_1_19' title="bbox 1456 1188 1522 1219">
     <span class='ocr_line' id='line_1_45' title="bbox 1456 1188 1522 1219; baseline -0.015 0"><span class='ocrx_word' id='word_1_275' title='bbox 1456 1188 1522 1219; x_wconf 91' lang='grc'>550</span> 
     </span>
    </p>
   </div>
   <div class='ocr_carea' id='block_1_11' title="bbox 1457 1498 1522 1528">
    <p class='ocr_par' dir='ltr' id='par_1_20' title="bbox 1457 1498 1522 1528">
     <span class='ocr_line' id='line_1_46' title="bbox 1457 1498 1522 1528; baseline 0 0"><span class='ocrx_word' id='word_1_276' title='bbox 1457 1498 1522 1528; x_wconf 88' lang='grc'>555</span> 
     </span>
    </p>
   </div>
   <div class='ocr_carea' id='block_1_12' title="bbox 1458 1805 1524 1836">
    <p class='ocr_par' dir='ltr' id='par_1_21' title="bbox 1458 1805 1524 1836">
     <span class='ocr_line' id='line_1_47' title="bbox 1458 1805 1524 1836; baseline -0.03 0"><span class='ocrx_word' id='word_1_277' title='bbox 1458 1805 1524 1836; x_wconf 88' lang='grc'>560</span> 
     </span>
    </p>
   </div>
   <div class='ocr_carea' id='block_1_13' title="bbox 1458 2114 1524 2144">
    <p class='ocr_par' dir='ltr' id='par_1_22' title="bbox 1458 2114 1524 2144">
     <span class='ocr_line' id='line_1_48' title="bbox 1458 2114 1524 2144; baseline -0.015 0"><span class='ocrx_word' id='word_1_278' title='bbox 1458 2114 1524 2144; x_wconf 86' lang='grc'>565</span> 
     </span>
    </p>
   </div>
   <div class='ocr_carea' id='block_1_14' title="bbox 1459 2420 1524 2449">
    <p class='ocr_par' dir='ltr' id='par_1_23' title="bbox 1459 2420 1524 2449">
     <span class='ocr_line' id='line_1_49' title="bbox 1459 2420 1524 2449; baseline 0 0"><span class='ocrx_word' id='word_1_279' title='bbox 1459 2420 1524 2449; x_wconf 84' lang='grc'>570</span> 
     </span>
    </p>
   </div>
   <div class='ocr_carea' id='block_1_15' title="bbox 1458 2728 1522 2757">
    <p class='ocr_par' dir='ltr' id='par_1_24' title="bbox 1458 2728 1522 2757">
     <span class='ocr_line' id='line_1_50' title="bbox 1458 2728 1522 2757; baseline -0.016 0"><span class='ocrx_word' id='word_1_280' title='bbox 1458 2728 1522 2757; x_wconf 76' lang='grc'>575</span> 
     </span>
    </p>
   </div>
  </div>
 </body>
</html>
