1794 3048
331 293 409 334 172
726 301 769 334 Ρ.
787 298 1018 334 VERGILII
1035 297 1257 334 MARONIS

240 415 302 445 175
325 402 367 442 in
391 416 502 442 mare
525 400 784 456 praecipitem
808 398 935 452 puppi
959 397 1147 438 deturbat
1170 397 1221 438 ab
1246 397 1326 438 alta
1334 414 1344 448 3

324 463 412 516 ipse
435 459 680 516 gubernaclo
703 465 836 500 rector
860 457 986 507 subit,
1011 458 1100 512 ipse
1123 458 1329 512 magister,

324 522 585 574 hortaturque
607 519 716 560 viros
740 519 981 571 clavumque
1005 518 1058 558 ad
1080 518 1198 559 litora
1220 523 1391 571 torquet.

326 587 367 622 at
389 581 544 636 gravis,
569 586 615 620 ut
638 579 765 620 fundo
789 579 859 619 vix
882 579 1046 619 tandem
1068 578 1250 619 redditus
1273 578 1355 619 imo
1379 584 1452 628 est,

324 642 406 682 iam
430 641 563 682 senior
585 639 827 692 madidaque
850 638 981 679 fluens
1005 639 1048 679 in
1070 643 1183 679 veste
1207 637 1420 679 Menoetes

241 713 302 744 180
328 716 487 742 summa
508 700 610 755 petit
634 699 791 754 scopuli
814 699 1003 752 siccaque
1025 699 1069 739 in
1090 713 1191 753 rupe
1213 698 1375 739 resedit.

324 761 438 802 illum
462 766 503 802 et
523 760 728 801 labentem
752 759 901 800 Teucri
925 764 965 800 et
986 759 1111 800 risere
1134 764 1354 807 natantem,

326 827 366 862 et
389 821 518 862 salsos
542 821 674 861 rident
696 824 972 861 revomentem
993 825 1156 873 pectore
1179 819 1341 859 fluctus.

325 882 392 922 hic
414 881 521 922 laeta
544 881 735 921 extremis
760 894 854 935 spes
878 885 941 921 est
963 893 1135 921 aceensa
1158 878 1331 928 duobus,

329 940 523 996 Sergesto
546 940 828 994 Mnesthique‚
856 937 979 994 Gyan
1004 953 1193 994 superare
1217 945 1452 980 morantem.

241 1015 302 1045 185
328 1000 546 1056 Sergestus
570 1001 677 1055 capit
700 1006 792 1041 ante
814 1000 950 1041 locum
974 1000 1220 1054 scopuloque
1242 999 1496 1054 propinquat,

325 1076 402 1103 nec
424 1067 509 1103 tota
532 1067 666 1102 tamen
691 1061 757 1101 ille
781 1061 890 1114 prior
912 1066 1132 1115 praeeunte
1157 1060 1310 1108 carina3

325 1128 439 1177 parte
462 1123 589 1177 prior,
614 1127 771 1176 partem
794 1126 924 1162 rostro
947 1120 1094 1174 premit
1117 1120 1277 1161 aemula
1298 1119 1457 1160 Pristis.

327 1188 369 1224 at
390 1182 525 1223 media
549 1182 679 1223 socios
703 1181 895 1222 incedens
919 1195 1022 1221 nave
1045 1194 1118 1235 per
1139 1180 1251 1234 ipsos

327 1243 510 1284 hortatur
531 1241 794 1282 Mnestheus:
822 1255 974 1292 „nunc,
998 1255 1107 1282 nunc
1129 1240 1326 1295 insurgite
1348 1240 1483 1288 remis,

243 1317 304 1348 190
328 1303 523 1344 Hectorei
547 1303 663 1351 socii,
689 1302 836 1342 Troiae
860 1315 963 1354 quos
989 1307 1095 1342 sorte
1121 1315 1311 1354 suprema

329 1363 462 1418 delegi
485 1363 651 1403 comites
659 1378 671 1412 3
694 1376 802 1402 nunc
825 1361 915 1402 illas
938 1362 1110 1415 promite
1133 1361 1252 1409 vires,

328 1438 437 1464 nunc
461 1423 637 1471 animos,
662 1422 810 1474 quibus
834 1422 878 1461 in
902 1419 1087 1462 Gaetulis
1114 1420 1301 1475 Syrtibus
1326 1421 1390 1461 usi

329 1484 525 1537 Ionioque
549 1483 651 1523 mari
674 1481 917 1535 Maleaeque
942 1481 1184 1535 sequacibus
1207 1481 1340 1522 undis.

329 1559 411 1585 non
432 1544 514 1584 iam
536 1543 667 1598 prima
689 1548 783 1597 peto
808 1542 1069 1591 Mnestheus,
1095 1556 1226 1595 neque
1250 1542 1409 1582 vincere
1433 1548 1560 1590 certo3

213 1638 219 1644 .
246 1618 305 1648 195
329 1619 576 1658 quamquam
589 1603 630 1645 ol
651 1629 704 1633 —
718 1604 790 1645 sed
803 1609 1004 1658 superent,
1019 1603 1165 1657 quibus
1178 1603 1268 1653 hoc,
1281 1603 1482 1658 Neptune,
1496 1603 1658 1652 dedisti3

330 1671 531 1706 extremos
555 1665 706 1719 pudeat
729 1664 897 1705 rediisse
905 1680 916 1714 ς
941 1664 1019 1705 hoc
1042 1664 1208 1713 vincite,
1234 1664 1357 1714 cives,

330 1732 370 1766 et
392 1725 603 1780 prohibete
627 1725 783 1766 nefas.“
809 1725 877 1766 olli
901 1724 1118 1766 certamine
1144 1739 1303 1766 summo

330 1785 618 1841 procumbunt3
642 1785 770 1826 vastis
794 1785 928 1826 tremit
950 1784 1098 1826 ictibus
1123 1799 1241 1826 aerea
1263 1785 1424 1839 puppis,

332 1845 658 1898 subtrahiturque
683 1845 833 1895 solum3
858 1851 944 1885 tum
968 1845 1108 1886 creber
1131 1845 1332 1886 anhelitus
1357 1850 1468 1886 artus

243 1920 307 1949 200
332 1906 524 1959 aridaque
548 1919 619 1946 ora
641 1905 789 1958 quatit3
815 1905 939 1946 sudor
961 1905 1049 1945 fluit
1072 1906 1251 1958 undique
1274 1905 1385 1946 rivis.

331 1966 463 2008 attulit
485 1966 574 2020 ipse
596 1965 694 2006 viris
718 1971 901 2019 optatum
924 1980 1043 2006 casus
1067 1966 1275 2006 honorem.

312 2021 506 2079 *fiamque
529 2026 669 2066 furens
694 2025 817 2065 animi
840 2025 937 2065 dum
958 2040 1122 2079 proram
1146 2026 1198 2066 ad
1222 2040 1321 2066 saxa
1345 2025 1569 2080 suburguet

331 2087 496 2127 interior
519 2085 729 2140 spatioque
754 2084 862 2126 subit
888 2084 1105 2140 Sergestus
1129 2085 1281 2139 iniquo,

332 2146 473 2188 infelix
497 2146 606 2187 saxis
628 2145 672 2186 in
693 2145 1020 2200 procurrentibus
1044 2146 1187 2186 haesit.

244 2221 308 2252 205
333 2221 555 2249 concussae
579 2211 717 2248 cautes
742 2212 782 2247 et
805 2211 923 2247 acuto
946 2206 990 2246 in
1012 2206 1165 2247 murice
1188 2207 1290 2247 remi

333 2267 472 2309 obnixi
495 2281 703 2322 crepuere,
727 2267 927 2320 inlisaque
949 2281 1070 2321 prora
1091 2267 1295 2321 pependit.

334 2333 584 2383 consurgunt
605 2333 753 2368 nautae
777 2333 817 2368 et
839 2341 988 2382 magno
1012 2327 1186 2368 clamore
1210 2333 1427 2376 morantur,

333 2388 584 2442 ferratasque
609 2388 730 2429 sudes
755 2393 795 2429 et
817 2393 936 2429 acuta
959 2388 1126 2442 cuspide
1150 2393 1290 2429 contos

335 2449 571 2503 expediunt,
597 2447 827 2502 fractosque
849 2448 992 2503 legunt
1013 2448 1057 2489 in
1078 2448 1240 2503 gurgite
1261 2462 1407 2489 remos.

249 2523 312 2553 210
336 2515 377 2550 at
398 2510 529 2550 laetus
551 2508 794 2550 Mnestheus
819 2522 1092 2562 successuque
1116 2509 1245 2550 acrior
1266 2508 1356 2563 ipso

334 2569 498 2624 agmine
520 2583 723 2610 remorum
746 2568 866 2610 celeri
889 2569 1102 2622 ventisque
1124 2569 1279 2610 vocatis
1303 2586 1307 2591 ’

335 2644 463 2683 prona
485 2629 587 2683 petit
608 2629 735 2670 maria
758 2634 798 2670 et
819 2629 967 2684 pelago
991 2630 1165 2680 decurrit
1188 2633 1350 2688 apertoL

337 2690 467 2742 qualis
493 2690 685 2743 spelunca
709 2690 842 2731 subito
866 2696 1068 2732 commota
1091 2689 1288 2738 columba,
