1794 3048
258 419 321 449 575

257 720 320 752 580

257 1025 321 1056 585

259 1328 322 1359 590

261 1631 324 1663 595

262 1935 327 1966 600

263 2240 325 2271 605

265 2544 329 2574 610

348 294 427 336 124
745 304 786 338 Ρ.
806 302 1037 339 VERGILII
1054 301 1278 341 MARONIS

346 404 488 446 ulcisci
510 404 682 458 patriam
706 409 746 443 et
769 403 985 444 sceleratas
1011 417 1170 445 sumere
1192 417 1358 458 poenas.

347 466 526 517 „scilicet
549 465 650 505 haec
676 462 867 518 Spartam
890 464 1104 506 incolumis
1127 466 1360 520 patriasque
1383 466 1582 522 Mycenas

345 525 537 580 aspiciet?
558 531 755 579 partoque
777 524 852 566 ibit
874 525 1016 580 regina
1038 525 1255 581 triumpho,

345 586 659 642 coniugiumque
683 586 930 639 domumque
953 587 1080 642 patris
1103 593 1303 641 natosque
1327 588 1491 638 videbit,

343 647 520 688 Iliadum
543 646 662 688 turba
685 652 725 687 et
747 646 940 702 Phrygiis
965 647 1156 689 comitata
1178 648 1396 690 ministris?

344 708 537 749 occiderit
559 707 666 749 ferro
689 707 905 749 Priamus?
929 707 1053 750 Troia
1076 709 1220 750 arserit
1242 710 1352 765 igni?

343 768 600 810 Dardanium
625 768 770 810 totiens
796 769 951 810 sudarit
974 769 1173 824 sanguine
1196 769 1318 811 litus?

343 844 427 871 non
449 829 516 870 ita.
541 843 718 882 namque
742 829 820 871 etsi
842 829 999 871 nullum
1022 830 1283 872 memorabile
1307 846 1455 873 nomen

343 890 521 932 feminea
543 890 585 931 in
607 904 739 945 poena
762 895 841 940 est,
866 905 942 932 nec
963 890 1088 932 habet
1110 891 1279 933 victoria
1301 892 1476 941 laudem,

345 951 590 992 exstinxisse
614 950 730 992 nefas
755 956 892 993 tamen
915 957 955 993 et
979 951 1203 1006 sumpsisse
1226 953 1417 994 merentis

344 1012 542 1054 laudabor
562 1026 736 1067 poenas,
761 1012 1022 1067 animumque
1047 1013 1233 1068 explesse
1256 1014 1412 1055 iuvabit

344 1073 498 1114 ultricis
522 1072 709 1114 flammae
734 1078 774 1114 et
797 1073 952 1115 cineres
977 1074 1147 1115 satiasse
1171 1077 1393 1115 meorum.“

345 1134 442 1175 talia
465 1133 666 1175 iactabam
691 1139 730 1174 et
753 1133 902 1175 furiata
924 1140 1059 1175 mente
1082 1134 1253 1184 ferebar,

346 1209 439 1236 cum
463 1194 562 1235 mihi
586 1208 648 1244 se,
673 1209 756 1235 non
779 1200 871 1235 ante
895 1195 1022 1237 oculis
1047 1201 1130 1236 tam
1154 1195 1279 1246 clara,
1305 1196 1521 1237 videndam

346 1255 492 1296 obtulit
515 1261 555 1296 ct
577 1269 680 1310 pura
702 1269 776 1309 per
797 1261 957 1298 noctem
981 1255 1023 1296 in
1045 1255 1135 1296 luce
1158 1256 1319 1297 refulsit

347 1315 454 1356 alma
477 1330 641 1370 parens,
667 1315 858 1356 confessa
881 1316 1017 1365 deam,
1043 1316 1256 1369 qualisque
1280 1317 1407 1357 videri

346 1376 546 1417 caelicolis
572 1381 612 1416 et
634 1381 786 1429 quanta
810 1375 930 1426 solet,
956 1377 1179 1430 dextraque
1201 1377 1446 1431 prehensum

348 1436 562 1485 continuit,
587 1450 787 1489 roseoque
810 1436 912 1477 haec
935 1437 1101 1491 insuper
1124 1437 1279 1478 addidit
1303 1452 1389 1479 ore:

351 1504 486 1549 „nate,
513 1497 604 1551 quis
629 1497 848 1539 indomitas
872 1503 1008 1540 tantus
1033 1498 1147 1540 dolor
1170 1499 1318 1540 excitat
1340 1499 1447 1540 iras?

347 1558 447 1611 quid
469 1557 596 1599 furis?
619 1564 689 1599 aut
711 1573 889 1612 quonam
913 1559 1040 1600 nostri
1063 1559 1136 1601 tibi
1159 1574 1256 1601 cura
1278 1560 1469 1601 recessit?

349 1633 431 1660 non
453 1618 566 1673 prius
590 1619 783 1673 aspicies,
807 1619 879 1660 ubi
902 1619 1059 1661 fessum
1083 1626 1214 1662 aetate
1237 1626 1447 1675 parentem

345 1679 511 1733 liqueris
535 1678 773 1721 Anchisen?
796 1686 959 1735 superet
982 1681 1210 1723 coniunxne
1237 1680 1406 1731 Creusa,

346 1740 634 1794 Ascaniusque
656 1741 782 1796 puer?
805 1756 908 1795 quos
932 1757 1072 1784 omnes
1097 1743 1276 1796 undique
1302 1741 1452 1784 Graiae

349 1801 502 1842 circum
525 1807 659 1842 errant
681 1802 808 1852 acies,
835 1808 892 1853 et,
916 1803 960 1844 ni
981 1817 1074 1844 mea
1097 1817 1194 1845 cura
1217 1804 1391 1854 resistat,

348 1861 431 1902 iam
454 1862 642 1903 flammae
666 1863 848 1913 tulerint,
873 1864 1061 1906 inimicus
1086 1870 1126 1905 et
1148 1864 1329 1906 hauserit
1352 1864 1473 1906 ensis.

350 1938 434 1964 non
457 1923 531 1964 tibi
554 1923 799 1978 Tyndaridis
823 1924 950 1966 facies
973 1925 1106 1967 invisa
1127 1926 1357 1975 Lacaenae,

352 1983 591 2038 culpatusve
613 1983 751 2034 Paris3
776 1985 913 2026 divom
934 1985 1210 2035 inclementia,
1235 1986 1385 2035 divom,

349 2044 424 2085 has
450 2044 594 2085 evertit
617 2059 716 2099 opes
741 2045 962 2098 sternitque
986 2061 1010 2086 a
1034 2046 1208 2087 culmine
1233 2046 1411 2087 Troiam.

350 2104 487 2159 aspice
512 2130 566 2135 —
588 2120 764 2159 namque
788 2120 968 2156 omnem,
993 2121 1097 2160 quae
1120 2121 1229 2148 nunc
1252 2106 1429 2148 obducta
1452 2106 1580 2147 tuenti

350 2166 531 2207 mortalis
555 2165 720 2208 hebetat
742 2166 855 2208 visus
880 2167 953 2208 tibi
977 2173 1018 2208 et
1039 2167 1207 2208 humida
1230 2167 1382 2208 circum

350 2226 515 2282 caligat,
540 2226 692 2268 nubem
716 2227 903 2282 eripiam;
928 2233 973 2268 tu
995 2242 1047 2269 ne
1071 2242 1153 2281 qua
1174 2228 1352 2282 parentis

349 2288 463 2329 iussa
486 2288 600 2337 time,
624 2302 706 2329 neu
727 2289 954 2343 praeceptis
977 2303 1119 2343 parere
1142 2303 1287 2330 recusa
1309 2313 1363 2319 -—

351 2349 436 2399 hic,
461 2348 532 2390 ubi
556 2349 745 2391 disiectas
769 2349 898 2391 moles
922 2350 1142 2404 avolsaque
1167 2350 1276 2392 saxis

354 2425 454 2452 saxa
475 2411 591 2453 vides
615 2411 822 2464 mixtoque
845 2411 1067 2452 undantem
1089 2411 1256 2466 pulvere
1279 2410 1451 2459 fumum,

351 2470 568 2526 Neptunus
592 2486 730 2513 muros
755 2486 986 2527 magnoque
1010 2478 1144 2514 emota
1166 2472 1328 2513 tridenti

353 2532 619 2574 fundamenta
642 2533 773 2586 quatit
795 2538 1002 2586 totamque
1026 2548 1051 2574 a
1075 2532 1239 2575 sedibus
1263 2532 1404 2573 urbem

352 2594 466 2634 cruit.
491 2594 558 2635 hic
580 2594 686 2635 Iuno
712 2592 864 2636 Scaeas
890 2594 1129 2635 saevissima
1150 2599 1288 2648 portas

352 2653 485 2707 prima
508 2660 635 2705 tenet,
661 2655 897 2709 sociumque
920 2655 1059 2697 furens
1084 2670 1108 2696 a
1131 2653 1303 2696 navibus
1327 2667 1475 2708 agmen

353 2714 459 2755 ferro
484 2715 664 2756 accincta
688 2723 816 2756 vocat.
