<?xml version="1.0" encoding="UTF-8"?>
<!DOCTYPE html PUBLIC "-//W3C//DTD XHTML 1.0 Transitional//EN"
    "http://www.w3.org/TR/xhtml1/DTD/xhtml1-transitional.dtd">
<html xmlns="http://www.w3.org/1999/xhtml" xml:lang="en" lang="en">
 <head>
  <title>
</title>
<meta http-equiv="Content-Type" content="text/html;charset=utf-8" />
  <meta name='ocr-system' content='tesseract 3.04.00' />
  <meta name='ocr-capabilities' content='ocr_page ocr_carea ocr_par ocr_line ocrx_word'/>
</head>
<body>
  <div class='ocr_page' id='page_1' title='image "./operavirg00virguoft_0083.png"; bbox 0 0 1774 3068; ppageno 0'>
   <div class='ocr_carea' id='block_1_1' title="bbox 0 0 27 1669">
    <p class='ocr_par' dir='ltr' id='par_1_1' title="bbox 0 0 27 1669">
     <span class='ocr_line' id='line_1_1' title="bbox 0 0 27 1669; baseline 0 0"><span class='ocrx_word' id='word_1_1' title='bbox 0 0 27 1669; x_wconf 95' lang='lat' dir='ltr'> </span> 
     </span>
    </p>
   </div>
   <div class='ocr_carea' id='block_1_2' title="bbox 493 335 976 373">
    <p class='ocr_par' dir='ltr' id='par_1_2' title="bbox 493 335 976 373">
     <span class='ocr_line' id='line_1_2' title="bbox 493 335 976 373; baseline -0.004 0"><span class='ocrx_word' id='word_1_2' title='bbox 493 335 794 373; x_wconf 80' lang='lat' dir='ltr'>GEORGICON</span> <span class='ocrx_word' id='word_1_3' title='bbox 810 335 908 371; x_wconf 88' lang='lat' dir='ltr'>LIB.</span> <span class='ocrx_word' id='word_1_4' title='bbox 928 336 976 371; x_wconf 90' lang='lat'>11.</span> 
     </span>
    </p>
   </div>
   <div class='ocr_carea' id='block_1_3' title="bbox 6 439 1296 1628">
    <p class='ocr_par' dir='ltr' id='par_1_3' title="bbox 6 439 1147 1177">
     <span class='ocr_line' id='line_1_3' title="bbox 50 439 1081 498; baseline -0.004 -13"><span class='ocrx_word' id='word_1_5' title='bbox 50 458 146 485; x_wconf 89' lang='lat' dir='ltr'>nam</span> <span class='ocrx_word' id='word_1_6' title='bbox 172 457 295 498; x_wconf 85' lang='lat' dir='ltr'>saepe</span> <span class='ocrx_word' id='word_1_7' title='bbox 320 441 496 483; x_wconf 87' lang='lat' dir='ltr'>incautis</span> <span class='ocrx_word' id='word_1_8' title='bbox 520 439 757 496; x_wconf 82' lang='lat' dir='ltr'>pastoribus</span> <span class='ocrx_word' id='word_1_9' title='bbox 783 439 936 482; x_wconf 83' lang='lat' dir='ltr'>excidit</span> <span class='ocrx_word' id='word_1_10' title='bbox 958 439 1081 496; x_wconf 87' lang='lat' dir='ltr'>ignis,</span> 
     </span>
     <span class='ocr_line' id='line_1_4' title="bbox 48 501 1096 560; baseline -0.004 -13"><span class='ocrx_word' id='word_1_11' title='bbox 48 505 120 560; x_wconf 90' lang='lat' dir='ltr'>qui</span> <span class='ocrx_word' id='word_1_12' title='bbox 143 505 286 546; x_wconf 88' lang='lat' dir='ltr'>furtim</span> <span class='ocrx_word' id='word_1_13' title='bbox 308 503 455 559; x_wconf 87' lang='lat' dir='ltr'>pingui</span> <span class='ocrx_word' id='word_1_14' title='bbox 479 503 659 558; x_wconf 90' lang='lat' dir='ltr'>primum</span> <span class='ocrx_word' id='word_1_15' title='bbox 684 501 761 544; x_wconf 90' lang='lat' dir='ltr'>sub</span> <span class='ocrx_word' id='word_1_16' title='bbox 787 501 938 544; x_wconf 87' lang='lat' dir='ltr'>cortice</span> <span class='ocrx_word' id='word_1_17' title='bbox 962 508 1096 544; x_wconf 88' lang='lat' dir='ltr'>tectus</span> 
     </span>
     <span class='ocr_line' id='line_1_5' title="bbox 48 563 1147 622; baseline -0.004 -12"><span class='ocrx_word' id='word_1_18' title='bbox 48 566 196 610; x_wconf 86' lang='lat' dir='ltr'>robora</span> <span class='ocrx_word' id='word_1_19' title='bbox 220 565 478 622; x_wconf 83' lang='lat' dir='ltr'>conprendit,</span> <span class='ocrx_word' id='word_1_20' title='bbox 504 564 757 618; x_wconf 86' lang='lat' dir='ltr'>frondesque</span> <span class='ocrx_word' id='word_1_21' title='bbox 782 563 950 619; x_wconf 89' lang='lat' dir='ltr'>elapsus</span> <span class='ocrx_word' id='word_1_22' title='bbox 974 564 1018 606; x_wconf 89' lang='lat' dir='ltr'>in</span> <span class='ocrx_word' id='word_1_23' title='bbox 1042 564 1147 606; x_wconf 84' lang='lat' dir='ltr'>altas</span> 
     </span>
     <span class='ocr_line' id='line_1_6' title="bbox 47 625 1073 685; baseline -0.003 -15"><span class='ocrx_word' id='word_1_24' title='bbox 47 629 260 685; x_wconf 89' lang='lat' dir='ltr'>ingentem</span> <span class='ocrx_word' id='word_1_25' title='bbox 283 627 398 670; x_wconf 88' lang='lat' dir='ltr'>caelo</span> <span class='ocrx_word' id='word_1_26' title='bbox 423 626 604 668; x_wconf 88' lang='lat' dir='ltr'>sonitum</span> <span class='ocrx_word' id='word_1_27' title='bbox 628 626 760 676; x_wconf 84' lang='lat' dir='ltr'>dedit3</span> <span class='ocrx_word' id='word_1_28' title='bbox 784 625 881 667; x_wconf 89' lang='lat' dir='ltr'>inde</span> <span class='ocrx_word' id='word_1_29' title='bbox 906 632 1073 668; x_wconf 84' lang='lat' dir='ltr'>secutus</span> 
     </span>
     <span class='ocr_line' id='line_1_7' title="bbox 49 688 1147 746; baseline -0.002 -14"><span class='ocrx_word' id='word_1_30' title='bbox 49 705 125 746; x_wconf 90' lang='lat' dir='ltr'>per</span> <span class='ocrx_word' id='word_1_31' title='bbox 146 705 284 732; x_wconf 86' lang='lat' dir='ltr'>ramos</span> <span class='ocrx_word' id='word_1_32' title='bbox 308 689 440 731; x_wconf 88' lang='lat' dir='ltr'>victor</span> <span class='ocrx_word' id='word_1_33' title='bbox 462 702 618 744; x_wconf 85' lang='lat' dir='ltr'>perque</span> <span class='ocrx_word' id='word_1_34' title='bbox 641 688 725 730; x_wconf 88' lang='lat' dir='ltr'>alta</span> <span class='ocrx_word' id='word_1_35' title='bbox 748 688 965 730; x_wconf 89' lang='lat' dir='ltr'>cacumina</span> <span class='ocrx_word' id='word_1_36' title='bbox 987 696 1147 744; x_wconf 85' lang='lat' dir='ltr'>regnat,</span> 
     </span>
     <span class='ocr_line' id='line_1_8' title="bbox 50 750 1141 795; baseline -0.004 0"><span class='ocrx_word' id='word_1_37' title='bbox 50 759 92 795; x_wconf 87' lang='lat' dir='ltr'>et</span> <span class='ocrx_word' id='word_1_38' title='bbox 115 758 247 795; x_wconf 93' lang='lat' dir='ltr'>totum</span> <span class='ocrx_word' id='word_1_39' title='bbox 270 751 443 793; x_wconf 83' lang='lat' dir='ltr'>involvit</span> <span class='ocrx_word' id='word_1_40' title='bbox 466 750 643 792; x_wconf 84' lang='lat' dir='ltr'>flammis</span> <span class='ocrx_word' id='word_1_41' title='bbox 668 764 815 792; x_wconf 89' lang='lat' dir='ltr'>nemus</span> <span class='ocrx_word' id='word_1_42' title='bbox 841 755 882 791; x_wconf 91' lang='lat' dir='ltr'>et</span> <span class='ocrx_word' id='word_1_43' title='bbox 903 750 987 791; x_wconf 90' lang='lat' dir='ltr'>ruit</span> <span class='ocrx_word' id='word_1_44' title='bbox 1010 757 1141 792; x_wconf 88' lang='lat' dir='ltr'>atram</span> 
     </span>
     <span class='ocr_line' id='line_1_9' title="bbox 49 811 1009 868; baseline -0.003 -12"><span class='ocrx_word' id='word_1_45' title='bbox 49 815 103 856; x_wconf 89' lang='lat' dir='ltr'>ad</span> <span class='ocrx_word' id='word_1_46' title='bbox 126 814 286 856; x_wconf 88' lang='lat' dir='ltr'>caelum</span> <span class='ocrx_word' id='word_1_47' title='bbox 308 813 428 868; x_wconf 91' lang='lat' dir='ltr'>picea</span> <span class='ocrx_word' id='word_1_48' title='bbox 451 826 616 853; x_wconf 87' lang='lat' dir='ltr'>crassus</span> <span class='ocrx_word' id='word_1_49' title='bbox 641 812 817 868; x_wconf 86' lang='lat' dir='ltr'>caligine</span> <span class='ocrx_word' id='word_1_50' title='bbox 840 811 1009 862; x_wconf 90' lang='lat' dir='ltr'>nubem,</span> 
     </span>
     <span class='ocr_line' id='line_1_10' title="bbox 9 873 964 932; baseline -0.004 -14"><span class='ocrx_word' id='word_1_51' title='bbox 9 901 10 904; x_wconf 65' lang='lat'><em>=</em></span> <span class='ocrx_word' id='word_1_52' title='bbox 48 875 290 932; x_wconf 84' lang='lat' dir='ltr'>praesertim</span> <span class='ocrx_word' id='word_1_53' title='bbox 315 874 349 916; x_wconf 88' lang='lat' dir='ltr'>si</span> <span class='ocrx_word' id='word_1_54' title='bbox 373 879 598 929; x_wconf 80' lang='lat' dir='ltr'>tempestas</span> <span class='ocrx_word' id='word_1_55' title='bbox 623 888 649 915; x_wconf 87' lang='lat' dir='ltr'>a</span> <span class='ocrx_word' id='word_1_56' title='bbox 670 873 824 915; x_wconf 85' lang='lat' dir='ltr'>vertice</span> <span class='ocrx_word' id='word_1_57' title='bbox 849 873 964 915; x_wconf 85' lang='lat' dir='ltr'>silvis</span> 
     </span>
     <span class='ocr_line' id='line_1_11' title="bbox 47 934 1121 993; baseline -0.003 -13"><span class='ocrx_word' id='word_1_58' title='bbox 47 937 251 987; x_wconf 83' lang='lat' dir='ltr'>incubuit,</span> <span class='ocrx_word' id='word_1_59' title='bbox 276 936 560 993; x_wconf 85' lang='lat' dir='ltr'>glomeratque</span> <span class='ocrx_word' id='word_1_60' title='bbox 583 934 721 976; x_wconf 87' lang='lat' dir='ltr'>ferens</span> <span class='ocrx_word' id='word_1_61' title='bbox 745 934 938 976; x_wconf 90' lang='lat' dir='ltr'>incendia</span> <span class='ocrx_word' id='word_1_62' title='bbox 960 942 1121 978; x_wconf 87' lang='lat' dir='ltr'>ventus.</span> 
     </span>
     <span class='ocr_line' id='line_1_12' title="bbox 49 996 1145 1052; baseline -0.003 -10"><span class='ocrx_word' id='word_1_63' title='bbox 49 1000 129 1042; x_wconf 90' lang='lat' dir='ltr'>hoc</span> <span class='ocrx_word' id='word_1_64' title='bbox 152 998 243 1049; x_wconf 89' lang='lat' dir='ltr'>ubi,</span> <span class='ocrx_word' id='word_1_65' title='bbox 268 1013 352 1039; x_wconf 91' lang='lat' dir='ltr'>non</span> <span class='ocrx_word' id='word_1_66' title='bbox 375 1013 401 1038; x_wconf 86' lang='lat' dir='ltr'>a</span> <span class='ocrx_word' id='word_1_67' title='bbox 425 996 551 1052; x_wconf 81' lang='lat' dir='ltr'>stirpe</span> <span class='ocrx_word' id='word_1_68' title='bbox 575 996 715 1038; x_wconf 80' lang='lat' dir='ltr'>valent</span> <span class='ocrx_word' id='word_1_69' title='bbox 739 1010 970 1050; x_wconf 86' lang='lat' dir='ltr'>caesaeque</span> <span class='ocrx_word' id='word_1_70' title='bbox 992 998 1145 1039; x_wconf 88' lang='lat' dir='ltr'>reverti</span> 
     </span>
     <span class='ocr_line' id='line_1_13' title="bbox 47 1058 1082 1119; baseline -0.004 -15"><span class='ocrx_word' id='word_1_71' title='bbox 47 1067 223 1119; x_wconf 86' lang='lat' dir='ltr'>possunt</span> <span class='ocrx_word' id='word_1_72' title='bbox 247 1066 370 1114; x_wconf 89' lang='lat' dir='ltr'>atque</span> <span class='ocrx_word' id='word_1_73' title='bbox 393 1059 478 1100; x_wconf 89' lang='lat' dir='ltr'>ima</span> <span class='ocrx_word' id='word_1_74' title='bbox 502 1058 658 1101; x_wconf 85' lang='lat' dir='ltr'>similes</span> <span class='ocrx_word' id='word_1_75' title='bbox 681 1059 932 1101; x_wconf 87' lang='lat' dir='ltr'>revirescere</span> <span class='ocrx_word' id='word_1_76' title='bbox 955 1064 1063 1101; x_wconf 86' lang='lat' dir='ltr'>terra</span> <span class='ocrx_word' id='word_1_77' title='bbox 1071 1076 1082 1110; x_wconf 87' lang='lat'>3</span> 
     </span>
     <span class='ocr_line' id='line_1_14' title="bbox 6 1120 905 1177; baseline -0.003 -11"><span class='ocrx_word' id='word_1_78' title='bbox 6 1124 9 1126; x_wconf 63' lang='grc'><strong>’</strong></span> <span class='ocrx_word' id='word_1_79' title='bbox 48 1123 193 1166; x_wconf 78' lang='lat' dir='ltr'>infelix</span> <span class='ocrx_word' id='word_1_80' title='bbox 218 1127 384 1177; x_wconf 87' lang='lat' dir='ltr'>superat</span> <span class='ocrx_word' id='word_1_81' title='bbox 407 1120 516 1163; x_wconf 85' lang='lat' dir='ltr'>foliis</span> <span class='ocrx_word' id='word_1_82' title='bbox 541 1120 718 1162; x_wconf 88' lang='lat' dir='ltr'>oleaster</span> <span class='ocrx_word' id='word_1_83' title='bbox 741 1121 905 1163; x_wconf 84' lang='lat' dir='ltr'>amaris.</span> 
     </span>
    </p>

    <p class='ocr_par' dir='ltr' id='par_1_4' title="bbox 5 1182 1296 1614">
     <span class='ocr_line' id='line_1_15' title="bbox 105 1182 1296 1239; baseline -0.001 -12"><span class='ocrx_word' id='word_1_84' title='bbox 105 1185 192 1227; x_wconf 89' lang='lat' dir='ltr'>Nec</span> <span class='ocrx_word' id='word_1_85' title='bbox 216 1184 291 1226; x_wconf 89' lang='lat' dir='ltr'>tibi</span> <span class='ocrx_word' id='word_1_86' title='bbox 314 1190 399 1225; x_wconf 87' lang='lat' dir='ltr'>tam</span> <span class='ocrx_word' id='word_1_87' title='bbox 421 1183 603 1238; x_wconf 86' lang='lat' dir='ltr'>prudens</span> <span class='ocrx_word' id='word_1_88' title='bbox 628 1182 850 1237; x_wconf 89' lang='lat' dir='ltr'>quisquam</span> <span class='ocrx_word' id='word_1_89' title='bbox 878 1183 1128 1239; x_wconf 87' lang='lat' dir='ltr'>persuadeat</span> <span class='ocrx_word' id='word_1_90' title='bbox 1151 1190 1296 1226; x_wconf 88' lang='lat' dir='ltr'>auctor</span> 
     </span>
     <span class='ocr_line' id='line_1_16' title="bbox 49 1245 996 1302; baseline -0.001 -13"><span class='ocrx_word' id='word_1_91' title='bbox 49 1248 237 1289; x_wconf 86' lang='lat' dir='ltr'>tellurem</span> <span class='ocrx_word' id='word_1_92' title='bbox 261 1245 386 1288; x_wconf 89' lang='lat' dir='ltr'>borea</span> <span class='ocrx_word' id='word_1_93' title='bbox 408 1245 587 1302; x_wconf 83' lang='lat' dir='ltr'>rigidam</span> <span class='ocrx_word' id='word_1_94' title='bbox 611 1245 793 1301; x_wconf 87' lang='lat' dir='ltr'>spirante</span> <span class='ocrx_word' id='word_1_95' title='bbox 816 1261 996 1288; x_wconf 88' lang='lat' dir='ltr'>movere.</span> 
     </span>
     <span class='ocr_line' id='line_1_17' title="bbox 6 1307 1157 1366; baseline -0.001 -14"><span class='ocrx_word' id='word_1_96' title='bbox 6 1329 8 1351; x_wconf 56' lang='grc'>1</span> <span class='ocrx_word' id='word_1_97' title='bbox 47 1325 144 1352; x_wconf 88' lang='lat' dir='ltr'>rura</span> <span class='ocrx_word' id='word_1_98' title='bbox 167 1309 265 1366; x_wconf 89' lang='lat' dir='ltr'>gelu</span> <span class='ocrx_word' id='word_1_99' title='bbox 288 1314 386 1350; x_wconf 90' lang='lat' dir='ltr'>tunc</span> <span class='ocrx_word' id='word_1_100' title='bbox 411 1307 564 1349; x_wconf 86' lang='lat' dir='ltr'>claudit</span> <span class='ocrx_word' id='word_1_101' title='bbox 586 1307 739 1350; x_wconf 83' lang='lat' dir='ltr'>hiems:</span> <span class='ocrx_word' id='word_1_102' title='bbox 764 1323 841 1350; x_wconf 92' lang='lat' dir='ltr'>nec</span> <span class='ocrx_word' id='word_1_103' title='bbox 866 1308 1024 1351; x_wconf 91' lang='lat' dir='ltr'>semine</span> <span class='ocrx_word' id='word_1_104' title='bbox 1047 1309 1157 1351; x_wconf 89' lang='lat' dir='ltr'>iacto</span> 
     </span>
     <span class='ocr_line' id='line_1_18' title="bbox 6 1370 1037 1427; baseline 0.001 -15"><span class='ocrx_word' id='word_1_105' title='bbox 6 1397 8 1412; x_wconf 58' lang='grc' dir='ltr'>ι</span> <span class='ocrx_word' id='word_1_106' title='bbox 49 1377 282 1414; x_wconf 88' lang='lat' dir='ltr'>concretam</span> <span class='ocrx_word' id='word_1_107' title='bbox 304 1370 458 1425; x_wconf 85' lang='lat' dir='ltr'>patitur</span> <span class='ocrx_word' id='word_1_108' title='bbox 480 1370 662 1412; x_wconf 84' lang='lat' dir='ltr'>radicem</span> <span class='ocrx_word' id='word_1_109' title='bbox 686 1370 868 1427; x_wconf 89' lang='lat' dir='ltr'>adfigere</span> <span class='ocrx_word' id='word_1_110' title='bbox 892 1377 1037 1413; x_wconf 87' lang='lat' dir='ltr'>terrae.</span> 
     </span>
     <span class='ocr_line' id='line_1_19' title="bbox 6 1432 958 1489; baseline 0 -14"><span class='ocrx_word' id='word_1_111' title='bbox 6 1453 8 1484; x_wconf 48' lang='grc' dir='ltr'><strong>ξ</strong></span> <span class='ocrx_word' id='word_1_112' title='bbox 50 1434 206 1489; x_wconf 88' lang='lat' dir='ltr'>optima</span> <span class='ocrx_word' id='word_1_113' title='bbox 228 1432 377 1473; x_wconf 86' lang='lat' dir='ltr'>vinetis</span> <span class='ocrx_word' id='word_1_114' title='bbox 403 1432 527 1482; x_wconf 85' lang='lat' dir='ltr'>satio,</span> <span class='ocrx_word' id='word_1_115' title='bbox 553 1446 648 1474; x_wconf 88' lang='lat' dir='ltr'>cum</span> <span class='ocrx_word' id='word_1_116' title='bbox 672 1447 768 1474; x_wconf 86' lang='lat' dir='ltr'>vere</span> <span class='ocrx_word' id='word_1_117' title='bbox 792 1432 958 1475; x_wconf 85' lang='lat' dir='ltr'>rubenti</span> 
     </span>
     <span class='ocr_line' id='line_1_20' title="bbox 49 1493 1013 1551; baseline 0 -14"><span class='ocrx_word' id='word_1_118' title='bbox 49 1495 225 1537; x_wconf 84' lang='lat' dir='ltr'>candida</span> <span class='ocrx_word' id='word_1_119' title='bbox 249 1494 362 1535; x_wconf 89' lang='lat' dir='ltr'>venit</span> <span class='ocrx_word' id='word_1_120' title='bbox 385 1494 474 1536; x_wconf 85' lang='lat' dir='ltr'>avis</span> <span class='ocrx_word' id='word_1_121' title='bbox 498 1493 670 1551; x_wconf 77' lang='lat' dir='ltr'>longis</span> <span class='ocrx_word' id='word_1_122' title='bbox 659 1495 794 1536; x_wconf 86' lang='lat' dir='ltr'>mvisa</span> <span class='ocrx_word' id='word_1_123' title='bbox 818 1495 1013 1546; x_wconf 86' lang='lat' dir='ltr'>colubris,</span> 
     </span>
     <span class='ocr_line' id='line_1_21' title="bbox 47 1556 1202 1628; baseline 0.001 -29"><span class='ocrx_word' id='word_1_124' title='bbox 47 1557 181 1614; x_wconf 89' lang='lat' dir='ltr'>prima</span> <span class='ocrx_word' id='word_1_125' title='bbox 203 1556 270 1598; x_wconf 86' lang='lat' dir='ltr'>vel</span> <span class='ocrx_word' id='word_1_126' title='bbox 294 1556 481 1598; x_wconf 87' lang='lat' dir='ltr'>autumni</span> <span class='ocrx_word' id='word_1_127' title='bbox 506 1556 584 1598; x_wconf 80' lang='lat' dir='ltr'>sub</span> <span class='ocrx_word' id='word_1_128' title='bbox 609 1556 784 1628; x_wconf 84' lang='lat' dir='ltr'>frigora,</span> <span class='ocrx_word' id='word_1_129' title='bbox 811 1572 907 1599; x_wconf 93' lang='lat' dir='ltr'>cum</span> <span class='ocrx_word' id='word_1_130' title='bbox 929 1557 1100 1613; x_wconf 89' lang='lat' dir='ltr'>rapidus</span> <span class='ocrx_word' id='word_1_131' title='bbox 1129 1556 1202 1600; x_wconf 89' lang='lat' dir='ltr'>Sol</span> 
     </span>
    </p>
   </div>
   <div class='ocr_carea' id='block_1_4' title="bbox 0 1618 1320 1678">
    <p class='ocr_par' dir='ltr' id='par_1_5' title="bbox 0 1618 1320 1678">
     <span class='ocr_line' id='line_1_22' title="bbox 0 1618 1320 1678; baseline 0.002 -17"><span class='ocrx_word' id='word_1_132' title='bbox 0 1633 1 1678; x_wconf 23' lang='grc' dir='ltr'>ζ</span> <span class='ocrx_word' id='word_1_133' title='bbox 48 1619 233 1661; x_wconf 91' lang='lat' dir='ltr'>nondum</span> <span class='ocrx_word' id='word_1_134' title='bbox 256 1618 436 1660; x_wconf 89' lang='lat' dir='ltr'>hiemem</span> <span class='ocrx_word' id='word_1_135' title='bbox 460 1619 661 1675; x_wconf 85' lang='lat' dir='ltr'>contingit</span> <span class='ocrx_word' id='word_1_136' title='bbox 685 1619 821 1673; x_wconf 87' lang='lat' dir='ltr'>equis,</span> <span class='ocrx_word' id='word_1_137' title='bbox 846 1620 930 1661; x_wconf 90' lang='lat' dir='ltr'>iam</span> <span class='ocrx_word' id='word_1_138' title='bbox 953 1620 1147 1675; x_wconf 88' lang='lat' dir='ltr'>praeterit</span> <span class='ocrx_word' id='word_1_139' title='bbox 1171 1628 1320 1663; x_wconf 84' lang='lat' dir='ltr'>aestas.</span> 
     </span>
    </p>
   </div>
   <div class='ocr_carea' id='block_1_5' title="bbox 0 1680 1206 2901">
    <p class='ocr_par' dir='ltr' id='par_1_6' title="bbox 0 1680 1206 2851">
     <span class='ocr_line' id='line_1_23' title="bbox 0 1680 1043 1732; baseline 0.001 -10"><span class='ocrx_word' id='word_1_140' title='bbox 0 1681 3 1706; x_wconf 63' lang='lat'>¹&#39;</span> <span class='ocrx_word' id='word_1_141' title='bbox 48 1697 122 1723; x_wconf 88' lang='lat' dir='ltr'>ver</span> <span class='ocrx_word' id='word_1_142' title='bbox 145 1682 248 1723; x_wconf 85' lang='lat' dir='ltr'>adeo</span> <span class='ocrx_word' id='word_1_143' title='bbox 271 1680 409 1723; x_wconf 84' lang='lat' dir='ltr'>frondi</span> <span class='ocrx_word' id='word_1_144' title='bbox 432 1696 667 1731; x_wconf 90' lang='lat' dir='ltr'>nemorum,</span> <span class='ocrx_word' id='word_1_145' title='bbox 693 1696 766 1723; x_wconf 89' lang='lat' dir='ltr'>ver</span> <span class='ocrx_word' id='word_1_146' title='bbox 789 1681 890 1723; x_wconf 91' lang='lat' dir='ltr'>utile</span> <span class='ocrx_word' id='word_1_147' title='bbox 915 1681 1043 1732; x_wconf 89' lang='lat' dir='ltr'>silvis,</span> 
     </span>
     <span class='ocr_line' id='line_1_24' title="bbox 0 1744 1163 1800; baseline 0.001 -15"><span class='ocrx_word' id='word_1_148' title='bbox 0 1789 2 1795; x_wconf 66' lang='lat'>,</span> <span class='ocrx_word' id='word_1_149' title='bbox 49 1758 144 1786; x_wconf 86' lang='lat' dir='ltr'>vere</span> <span class='ocrx_word' id='word_1_150' title='bbox 169 1749 329 1785; x_wconf 84' lang='lat' dir='ltr'>tument</span> <span class='ocrx_word' id='word_1_151' title='bbox 352 1749 484 1785; x_wconf 87' lang='lat' dir='ltr'>terrae</span> <span class='ocrx_word' id='word_1_152' title='bbox 508 1749 549 1785; x_wconf 86' lang='lat' dir='ltr'>et</span> <span class='ocrx_word' id='word_1_153' title='bbox 571 1744 768 1800; x_wconf 89' lang='lat' dir='ltr'>genitalia</span> <span class='ocrx_word' id='word_1_154' title='bbox 792 1744 950 1785; x_wconf 86' lang='lat' dir='ltr'>semina</span> <span class='ocrx_word' id='word_1_155' title='bbox 972 1751 1163 1799; x_wconf 88' lang='lat' dir='ltr'>poscunt.</span> 
     </span>
     <span class='ocr_line' id='line_1_25' title="bbox 48 1804 1187 1860; baseline 0.001 -14"><span class='ocrx_word' id='word_1_156' title='bbox 48 1812 138 1847; x_wconf 87' lang='lat' dir='ltr'>tum</span> <span class='ocrx_word' id='word_1_157' title='bbox 160 1811 278 1860; x_wconf 89' lang='lat' dir='ltr'>pater</span> <span class='ocrx_word' id='word_1_158' title='bbox 300 1805 559 1860; x_wconf 89' lang='lat' dir='ltr'>omnipotens</span> <span class='ocrx_word' id='word_1_159' title='bbox 584 1805 775 1847; x_wconf 88' lang='lat' dir='ltr'>fecundis</span> <span class='ocrx_word' id='word_1_160' title='bbox 799 1804 1002 1847; x_wconf 91' lang='lat' dir='ltr'>imbribus</span> <span class='ocrx_word' id='word_1_161' title='bbox 1026 1804 1187 1848; x_wconf 90' lang='lat' dir='ltr'>Aether</span> 
     </span>
     <span class='ocr_line' id='line_1_26' title="bbox 50 1866 1159 1923; baseline 0.001 -15"><span class='ocrx_word' id='word_1_162' title='bbox 50 1867 236 1922; x_wconf 86' lang='lat' dir='ltr'>coniugis</span> <span class='ocrx_word' id='word_1_163' title='bbox 261 1866 305 1907; x_wconf 92' lang='lat' dir='ltr'>in</span> <span class='ocrx_word' id='word_1_164' title='bbox 327 1867 532 1923; x_wconf 86' lang='lat' dir='ltr'>gremium</span> <span class='ocrx_word' id='word_1_165' title='bbox 555 1867 688 1908; x_wconf 88' lang='lat' dir='ltr'>laetae</span> <span class='ocrx_word' id='word_1_166' title='bbox 713 1867 927 1909; x_wconf 87' lang='lat' dir='ltr'>descendit</span> <span class='ocrx_word' id='word_1_167' title='bbox 951 1873 992 1908; x_wconf 90' lang='lat' dir='ltr'>et</span> <span class='ocrx_word' id='word_1_168' title='bbox 1016 1882 1159 1909; x_wconf 88' lang='lat' dir='ltr'>omnes</span> 
     </span>
     <span class='ocr_line' id='line_1_27' title="bbox 49 1928 1157 1985; baseline 0.001 -15"><span class='ocrx_word' id='word_1_169' title='bbox 49 1936 226 1985; x_wconf 83' lang='lat' dir='ltr'>magnus</span> <span class='ocrx_word' id='word_1_170' title='bbox 251 1928 339 1978; x_wconf 89' lang='lat' dir='ltr'>alit,</span> <span class='ocrx_word' id='word_1_171' title='bbox 366 1943 518 1985; x_wconf 83' lang='lat' dir='ltr'>magno</span> <span class='ocrx_word' id='word_1_172' title='bbox 542 1929 792 1970; x_wconf 83' lang='lat' dir='ltr'>commixtus</span> <span class='ocrx_word' id='word_1_173' title='bbox 818 1943 1007 1984; x_wconf 88' lang='lat' dir='ltr'>corpore,</span> <span class='ocrx_word' id='word_1_174' title='bbox 1033 1930 1157 1972; x_wconf 87' lang='lat' dir='ltr'>fetus.</span> 
     </span>
     <span class='ocr_line' id='line_1_28' title="bbox 50 1990 1044 2047; baseline 0.003 -16"><span class='ocrx_word' id='word_1_175' title='bbox 50 1991 143 2032; x_wconf 89' lang='lat' dir='ltr'>avia</span> <span class='ocrx_word' id='word_1_176' title='bbox 166 1995 254 2031; x_wconf 87' lang='lat' dir='ltr'>tum</span> <span class='ocrx_word' id='word_1_177' title='bbox 277 1997 471 2032; x_wconf 90' lang='lat' dir='ltr'>resonant</span> <span class='ocrx_word' id='word_1_178' title='bbox 496 1990 642 2032; x_wconf 88' lang='lat' dir='ltr'>avibus</span> <span class='ocrx_word' id='word_1_179' title='bbox 666 1991 848 2047; x_wconf 87' lang='lat' dir='ltr'>virgulta</span> <span class='ocrx_word' id='word_1_180' title='bbox 871 1991 1044 2042; x_wconf 86' lang='lat' dir='ltr'>canoris,</span> 
     </span>
     <span class='ocr_line' id='line_1_29' title="bbox 51 2051 1085 2108; baseline 0.001 -13"><span class='ocrx_word' id='word_1_181' title='bbox 51 2059 92 2095; x_wconf 88' lang='lat' dir='ltr'>et</span> <span class='ocrx_word' id='word_1_182' title='bbox 114 2051 322 2094; x_wconf 88' lang='lat' dir='ltr'>Venerem</span> <span class='ocrx_word' id='word_1_183' title='bbox 346 2052 468 2094; x_wconf 87' lang='lat' dir='ltr'>certis</span> <span class='ocrx_word' id='word_1_184' title='bbox 491 2058 684 2108; x_wconf 86' lang='lat' dir='ltr'>repetunt</span> <span class='ocrx_word' id='word_1_185' title='bbox 706 2059 895 2095; x_wconf 86' lang='lat' dir='ltr'>armenta</span> <span class='ocrx_word' id='word_1_186' title='bbox 917 2053 1085 2105; x_wconf 78' lang='lat' dir='ltr'>diebus3</span> 
     </span>
     <span class='ocr_line' id='line_1_30' title="bbox 49 2114 1202 2171; baseline 0.002 -15.878"><span class='ocrx_word' id='word_1_187' title='bbox 49 2114 222 2170; x_wconf 86' lang='lat' dir='ltr'>parturit</span> <span class='ocrx_word' id='word_1_188' title='bbox 245 2114 379 2156; x_wconf 82' lang='lat' dir='ltr'>almus</span> <span class='ocrx_word' id='word_1_189' title='bbox 405 2129 524 2170; x_wconf 86' lang='lat' dir='ltr'>ager,</span> <span class='ocrx_word' id='word_1_190' title='bbox 549 2114 804 2170; x_wconf 84' lang='lat' dir='ltr'>zephyrique</span> <span class='ocrx_word' id='word_1_191' title='bbox 828 2115 1064 2171; x_wconf 87' lang='lat' dir='ltr'>tepentibus</span> <span class='ocrx_word' id='word_1_192' title='bbox 1090 2116 1202 2158; x_wconf 88' lang='lat' dir='ltr'>auris</span> 
     </span>
     <span class='ocr_line' id='line_1_31' title="bbox 50 2176 1206 2232; baseline 0.002 -15"><span class='ocrx_word' id='word_1_193' title='bbox 50 2176 190 2218; x_wconf 85' lang='lat' dir='ltr'>laxant</span> <span class='ocrx_word' id='word_1_194' title='bbox 213 2191 312 2217; x_wconf 86' lang='lat' dir='ltr'>arva</span> <span class='ocrx_word' id='word_1_195' title='bbox 336 2176 471 2227; x_wconf 82' lang='lat' dir='ltr'>sinus3</span> <span class='ocrx_word' id='word_1_196' title='bbox 497 2183 665 2232; x_wconf 87' lang='lat' dir='ltr'>superat</span> <span class='ocrx_word' id='word_1_197' title='bbox 688 2183 804 2218; x_wconf 90' lang='lat' dir='ltr'>tener</span> <span class='ocrx_word' id='word_1_198' title='bbox 826 2177 1020 2219; x_wconf 90' lang='lat' dir='ltr'>omnibus</span> <span class='ocrx_word' id='word_1_199' title='bbox 1044 2177 1206 2228; x_wconf 88' lang='lat' dir='ltr'>humor,</span> 
     </span>
     <span class='ocr_line' id='line_1_32' title="bbox 50 2238 1035 2295; baseline 0.001 -16"><span class='ocrx_word' id='word_1_200' title='bbox 50 2239 174 2292; x_wconf 91' lang='lat' dir='ltr'>inque</span> <span class='ocrx_word' id='word_1_201' title='bbox 197 2253 328 2280; x_wconf 82' lang='lat' dir='ltr'>novos</span> <span class='ocrx_word' id='word_1_202' title='bbox 353 2238 461 2280; x_wconf 89' lang='lat' dir='ltr'>soles</span> <span class='ocrx_word' id='word_1_203' title='bbox 486 2239 640 2280; x_wconf 86' lang='lat' dir='ltr'>audent</span> <span class='ocrx_word' id='word_1_204' title='bbox 664 2254 709 2281; x_wconf 88' lang='lat' dir='ltr'>se</span> <span class='ocrx_word' id='word_1_205' title='bbox 734 2239 922 2295; x_wconf 85' lang='lat' dir='ltr'>germina</span> <span class='ocrx_word' id='word_1_206' title='bbox 945 2245 1035 2281; x_wconf 87' lang='lat' dir='ltr'>tuto</span> 
     </span>
     <span class='ocr_line' id='line_1_33' title="bbox 51 2300 1182 2356; baseline 0 -14"><span class='ocrx_word' id='word_1_207' title='bbox 51 2301 234 2351; x_wconf 88' lang='lat' dir='ltr'>credere,</span> <span class='ocrx_word' id='word_1_208' title='bbox 259 2314 337 2342; x_wconf 88' lang='lat' dir='ltr'>nec</span> <span class='ocrx_word' id='word_1_209' title='bbox 359 2300 507 2341; x_wconf 87' lang='lat' dir='ltr'>metuit</span> <span class='ocrx_word' id='word_1_210' title='bbox 531 2306 748 2356; x_wconf 84' lang='lat' dir='ltr'>surgentes</span> <span class='ocrx_word' id='word_1_211' title='bbox 773 2301 994 2356; x_wconf 86' lang='lat' dir='ltr'>pampinus</span> <span class='ocrx_word' id='word_1_212' title='bbox 1019 2307 1182 2343; x_wconf 85' lang='lat' dir='ltr'>austros</span> 
     </span>
     <span class='ocr_line' id='line_1_34' title="bbox 0 2361 1110 2417; baseline -0.001 -13"><span class='ocrx_word' id='word_1_213' title='bbox 0 2384 1 2387; x_wconf 39' lang='lat'>¹</span> <span class='ocrx_word' id='word_1_214' title='bbox 52 2368 123 2404; x_wconf 85' lang='lat' dir='ltr'>aut</span> <span class='ocrx_word' id='word_1_215' title='bbox 146 2367 285 2403; x_wconf 86' lang='lat' dir='ltr'>actum</span> <span class='ocrx_word' id='word_1_216' title='bbox 308 2361 422 2403; x_wconf 86' lang='lat' dir='ltr'>caelo</span> <span class='ocrx_word' id='word_1_217' title='bbox 445 2362 609 2417; x_wconf 88' lang='lat' dir='ltr'>magnis</span> <span class='ocrx_word' id='word_1_218' title='bbox 633 2361 896 2416; x_wconf 85' lang='lat' dir='ltr'>aquilonibus</span> <span class='ocrx_word' id='word_1_219' title='bbox 921 2362 1110 2411; x_wconf 88' lang='lat' dir='ltr'>imbrem,</span> 
     </span>
     <span class='ocr_line' id='line_1_35' title="bbox 23 2423 1129 2483; baseline -0.001 -16"><span class='ocrx_word' id='word_1_220' title='bbox 23 2480 26 2483; x_wconf 86' lang='lat'>.</span> <span class='ocrx_word' id='word_1_221' title='bbox 54 2425 129 2468; x_wconf 87' lang='lat' dir='ltr'>sed</span> <span class='ocrx_word' id='word_1_222' title='bbox 151 2423 278 2466; x_wconf 83' lang='lat' dir='ltr'>trudit</span> <span class='ocrx_word' id='word_1_223' title='bbox 301 2438 488 2479; x_wconf 86' lang='lat' dir='ltr'>gemmas</span> <span class='ocrx_word' id='word_1_224' title='bbox 513 2430 554 2465; x_wconf 87' lang='lat' dir='ltr'>et</span> <span class='ocrx_word' id='word_1_225' title='bbox 577 2424 746 2466; x_wconf 87' lang='lat' dir='ltr'>frondes</span> <span class='ocrx_word' id='word_1_226' title='bbox 770 2424 950 2479; x_wconf 86' lang='lat' dir='ltr'>explicat</span> <span class='ocrx_word' id='word_1_227' title='bbox 973 2439 1129 2466; x_wconf 90' lang='lat' dir='ltr'>omnes.</span> 
     </span>
     <span class='ocr_line' id='line_1_36' title="bbox 21 2485 1005 2541; baseline 0 -15"><span class='ocrx_word' id='word_1_228' title='bbox 21 2507 31 2537; x_wconf 57' lang='grc' dir='ltr'><strong><em>χ</em></strong></span> <span class='ocrx_word' id='word_1_229' title='bbox 52 2501 137 2529; x_wconf 92' lang='lat' dir='ltr'>non</span> <span class='ocrx_word' id='word_1_230' title='bbox 158 2486 261 2528; x_wconf 86' lang='lat' dir='ltr'>alios</span> <span class='ocrx_word' id='word_1_231' title='bbox 284 2485 420 2540; x_wconf 87' lang='lat' dir='ltr'>prima</span> <span class='ocrx_word' id='word_1_232' title='bbox 442 2485 651 2526; x_wconf 86' lang='lat' dir='ltr'>nascentis</span> <span class='ocrx_word' id='word_1_233' title='bbox 676 2485 834 2541; x_wconf 86' lang='lat' dir='ltr'>origine</span> <span class='ocrx_word' id='word_1_234' title='bbox 858 2486 1005 2527; x_wconf 88' lang='lat' dir='ltr'>mundi</span> 
     </span>
     <span class='ocr_line' id='line_1_37' title="bbox 19 2539 1001 2590; baseline 0 -2"><span class='ocrx_word' id='word_1_235' title='bbox 19 2539 34 2588; x_wconf 48' lang='grc' dir='ltr'><strong>ἶ</strong></span> <span class='ocrx_word' id='word_1_236' title='bbox 52 2547 252 2590; x_wconf 83' lang='lat' dir='ltr'>inluxisse</span> <span class='ocrx_word' id='word_1_237' title='bbox 275 2547 364 2588; x_wconf 90' lang='lat' dir='ltr'>dies</span> <span class='ocrx_word' id='word_1_238' title='bbox 389 2546 568 2588; x_wconf 84' lang='lat' dir='ltr'>aliumve</span> <span class='ocrx_word' id='word_1_239' title='bbox 591 2545 789 2588; x_wconf 86' lang='lat' dir='ltr'>habuisse</span> <span class='ocrx_word' id='word_1_240' title='bbox 813 2552 1001 2588; x_wconf 87' lang='lat' dir='ltr'>tenorem</span> 
     </span>
     <span class='ocr_line' id='line_1_38' title="bbox 27 2607 1140 2664; baseline -0.002 -12"><span class='ocrx_word' id='word_1_241' title='bbox 27 2610 30 2612; x_wconf 67' lang='grc'><strong>’</strong></span> <span class='ocrx_word' id='word_1_242' title='bbox 55 2609 315 2652; x_wconf 85' lang='lat' dir='ltr'>crediderim:</span> <span class='ocrx_word' id='word_1_243' title='bbox 339 2623 413 2650; x_wconf 88' lang='lat' dir='ltr'>ver</span> <span class='ocrx_word' id='word_1_244' title='bbox 435 2608 538 2649; x_wconf 90' lang='lat' dir='ltr'>illud</span> <span class='ocrx_word' id='word_1_245' title='bbox 561 2613 665 2658; x_wconf 82' lang='lat' dir='ltr'>erat,</span> <span class='ocrx_word' id='word_1_246' title='bbox 690 2622 764 2649; x_wconf 90' lang='lat' dir='ltr'>ver</span> <span class='ocrx_word' id='word_1_247' title='bbox 786 2623 963 2664; x_wconf 86' lang='lat' dir='ltr'>magnus</span> <span class='ocrx_word' id='word_1_248' title='bbox 988 2607 1140 2664; x_wconf 83' lang='lat' dir='ltr'>agebat</span> 
     </span>
     <span class='ocr_line' id='line_1_39' title="bbox 27 2669 975 2725; baseline -0.003 -12"><span class='ocrx_word' id='word_1_249' title='bbox 27 2690 33 2695; x_wconf 59' lang='grc'><strong><em>’</em></strong></span> <span class='ocrx_word' id='word_1_250' title='bbox 57 2671 166 2713; x_wconf 87' lang='lat' dir='ltr'>orbis</span> <span class='ocrx_word' id='word_1_251' title='bbox 191 2676 231 2712; x_wconf 82' lang='lat' dir='ltr'>et</span> <span class='ocrx_word' id='word_1_252' title='bbox 252 2669 414 2712; x_wconf 86' lang='lat' dir='ltr'>hiberni</span> <span class='ocrx_word' id='word_1_253' title='bbox 435 2670 660 2725; x_wconf 86' lang='lat' dir='ltr'>parcebant</span> <span class='ocrx_word' id='word_1_254' title='bbox 683 2669 849 2712; x_wconf 85' lang='lat' dir='ltr'>flatibus</span> <span class='ocrx_word' id='word_1_255' title='bbox 874 2670 975 2720; x_wconf 87' lang='lat' dir='ltr'>euri,</span> 
     </span>
     <span class='ocr_line' id='line_1_40' title="bbox 58 2732 1154 2790; baseline -0.002 -15"><span class='ocrx_word' id='word_1_256' title='bbox 58 2747 153 2775; x_wconf 88' lang='lat' dir='ltr'>cum</span> <span class='ocrx_word' id='word_1_257' title='bbox 174 2734 330 2790; x_wconf 83' lang='lat' dir='ltr'>primae</span> <span class='ocrx_word' id='word_1_258' title='bbox 352 2733 489 2775; x_wconf 89' lang='lat' dir='ltr'>lucem</span> <span class='ocrx_word' id='word_1_259' title='bbox 511 2732 693 2788; x_wconf 91' lang='lat' dir='ltr'>pecudes</span> <span class='ocrx_word' id='word_1_260' title='bbox 717 2732 912 2782; x_wconf 88' lang='lat' dir='ltr'>hausere,</span> <span class='ocrx_word' id='word_1_261' title='bbox 937 2732 1154 2786; x_wconf 89' lang='lat' dir='ltr'>virumque</span> 
     </span>
     <span class='ocr_line' id='line_1_41' title="bbox 60 2794 1034 2851; baseline -0.001 -15"><span class='ocrx_word' id='word_1_262' title='bbox 60 2800 191 2837; x_wconf 86' lang='lat' dir='ltr'>terrea</span> <span class='ocrx_word' id='word_1_263' title='bbox 211 2795 430 2851; x_wconf 83' lang='lat' dir='ltr'>progenies</span> <span class='ocrx_word' id='word_1_264' title='bbox 455 2795 568 2837; x_wconf 88' lang='lat' dir='ltr'>duris</span> <span class='ocrx_word' id='word_1_265' title='bbox 594 2799 718 2851; x_wconf 86' lang='lat' dir='ltr'>caput</span> <span class='ocrx_word' id='word_1_266' title='bbox 741 2794 887 2836; x_wconf 83' lang='lat' dir='ltr'>extulit</span> <span class='ocrx_word' id='word_1_267' title='bbox 911 2794 1034 2844; x_wconf 86' lang='lat' dir='ltr'>arvis,</span> 
     </span>
    </p>

    <p class='ocr_par' dir='ltr' id='par_1_7' title="bbox 1135 2863 1191 2901">
     <span class='ocr_line' id='line_1_42' title="bbox 1135 2863 1191 2901; baseline 0 -17"><span class='ocrx_word' id='word_1_268' title='bbox 1135 2863 1191 2901; x_wconf 71' lang='lat'>4*</span> 
     </span>
    </p>
   </div>
   <div class='ocr_carea' id='block_1_6' title="bbox 1439 579 1503 610">
    <p class='ocr_par' dir='ltr' id='par_1_8' title="bbox 1439 579 1503 610">
     <span class='ocr_line' id='line_1_43' title="bbox 1439 579 1503 610; baseline 0 0"><span class='ocrx_word' id='word_1_269' title='bbox 1439 579 1503 610; x_wconf 79' lang='lat'>305</span> 
     </span>
    </p>
   </div>
   <div class='ocr_carea' id='block_1_7' title="bbox 1440 891 1504 921">
    <p class='ocr_par' dir='ltr' id='par_1_9' title="bbox 1440 891 1504 921">
     <span class='ocr_line' id='line_1_44' title="bbox 1440 891 1504 921; baseline -0.031 0"><span class='ocrx_word' id='word_1_270' title='bbox 1440 891 1504 921; x_wconf 87' lang='grc'>310</span> 
     </span>
    </p>
   </div>
   <div class='ocr_carea' id='block_1_8' title="bbox 1436 1200 1502 1230">
    <p class='ocr_par' dir='ltr' id='par_1_10' title="bbox 1436 1200 1502 1230">
     <span class='ocr_line' id='line_1_45' title="bbox 1436 1200 1502 1230; baseline -0.015 0"><span class='ocrx_word' id='word_1_271' title='bbox 1436 1200 1502 1230; x_wconf 86' lang='grc'>315</span> 
     </span>
    </p>
   </div>
   <div class='ocr_carea' id='block_1_9' title="bbox 1440 1511 1505 1542">
    <p class='ocr_par' dir='ltr' id='par_1_11' title="bbox 1440 1511 1505 1542">
     <span class='ocr_line' id='line_1_46' title="bbox 1440 1511 1505 1542; baseline -0.031 0"><span class='ocrx_word' id='word_1_272' title='bbox 1440 1511 1505 1542; x_wconf 81' lang='grc'>320</span> 
     </span>
    </p>
   </div>
   <div class='ocr_carea' id='block_1_10' title="bbox 1442 2130 1508 2160">
    <p class='ocr_par' dir='ltr' id='par_1_12' title="bbox 1442 2130 1508 2160">
     <span class='ocr_line' id='line_1_47' title="bbox 1442 2130 1508 2160; baseline -0.015 0"><span class='ocrx_word' id='word_1_273' title='bbox 1442 2130 1508 2160; x_wconf 83' lang='grc'>330</span> 
     </span>
    </p>
   </div>
   <div class='ocr_carea' id='block_1_11' title="bbox 1444 2438 1509 2467">
    <p class='ocr_par' dir='ltr' id='par_1_13' title="bbox 1444 2438 1509 2467">
     <span class='ocr_line' id='line_1_48' title="bbox 1444 2438 1509 2467; baseline -0.015 0"><span class='ocrx_word' id='word_1_274' title='bbox 1444 2438 1509 2467; x_wconf 75' lang='grc'>335</span> 
     </span>
    </p>
   </div>
   <div class='ocr_carea' id='block_1_12' title="bbox 1443 2746 1509 2776">
    <p class='ocr_par' dir='ltr' id='par_1_14' title="bbox 1443 2746 1509 2776">
     <span class='ocr_line' id='line_1_49' title="bbox 1443 2746 1509 2776; baseline 0 -1"><span class='ocrx_word' id='word_1_275' title='bbox 1443 2746 1509 2776; x_wconf 71' lang='lat'>340</span> 
     </span>
    </p>
   </div>
  </div>
 </body>
</html>
