1794 3048
314 298 367 338 (52
712 306 753 340 P.
774 305 1003 341 VERGILII
1023 303 1245 342 MARONIS

312 407 466 461 primus
491 407 583 460 equi
607 406 721 447 labor
743 411 806 446 est
829 405 985 445 animos
1009 411 1130 458 atque
1154 420 1266 446 arma
1289 407 1424 448 videre

314 466 554 515 bellantum,
578 466 781 518 lituosque
804 465 889 519 pati
912 470 1122 518 tractuque
1145 472 1374 521 gementem

287 570 289 573 Α
313 527 417 568 ferre
440 533 570 567 rotam
594 532 634 566 et
657 525 816 567 stabulo
839 525 976 567 frenos
1001 527 1139 567 audire
1164 527 1356 568 sonantis.

229 600 289 630 185
313 593 398 627 tum
422 587 554 641 magis
578 592 699 639 atque
721 586 852 641 magis
878 585 1035 628 blandis
1059 587 1236 642 gaudere
1260 588 1440 642 magistri

312 647 501 688 laudibus
526 653 567 688 et
588 647 756 701 plausae
781 647 958 688 sonitum
983 648 1150 689 cervicis
1175 663 1323 690 amare.

312 714 432 761 atque
456 708 556 749 haec
579 708 661 748 iam
683 708 813 763 primo
837 708 1031 762 depulsus
1056 709 1107 751 ab
1133 709 1255 750 ubere
1279 710 1418 751 matris

312 770 476 818 audeat,
501 769 624 822 inque
648 769 779 811 vicem
802 769 871 810 det
893 769 1083 811 mollibus
1108 785 1178 811 ora
1201 771 1385 824 capistris

311 829 512 871 invalidus
537 835 577 870 et
599 830 761 883 iamque
784 836 960 872 tremens
984 836 1024 871 et
1047 831 1128 871 iam
1150 831 1302 872 inscius
1326 832 1427 872 aevi.

226 903 288 933 190
313 896 354 931 at
377 890 504 932 tribus
530 891 681 932 exactis
705 890 776 932 ubi
799 897 943 944 quarta
965 891 1165 945 occeperit
1188 898 1334 941 aestas,

313 966 476 1006 carpere
499 966 596 992 mox
617 966 766 1007 gyrum
789 951 955 1006 incipiat
978 951 1254 1007 gradibusque
1279 967 1422 993 sonare

313 1012 551 1067 conpositis,
578 1012 789 1065 sinuetque
813 1012 966 1053 alterna
990 1013 1196 1054 volumina
1220 1027 1394 1062 crurum,

313 1073 445 1126 sitque
467 1072 666 1114 laboranti
691 1073 852 1123 similis;
874 1079 964 1114 tum
989 1073 1175 1115 cursibus
1201 1088 1333 1123 auras,

312 1140 398 1174 tum
422 1140 555 1183 vocet,
580 1148 628 1175 ac
650 1148 722 1188 per
745 1141 883 1188 aperta
906 1134 1066 1184 volans,
1092 1149 1167 1175 ceu
1189 1134 1291 1175 liber
1313 1133 1494 1184 habenis,

227 1207 288 1238 195
313 1209 489 1248 aequora
512 1195 582 1235 vix
606 1209 765 1236 summa
787 1195 962 1250 vestigia
985 1201 1109 1249 ponat
1133 1209 1267 1244 arena,

312 1255 443 1309 qualis
468 1255 747 1310 Hyperboreis
771 1256 907 1309 aquilo
931 1270 1024 1296 cum
1048 1256 1198 1296 densus
1224 1255 1275 1296 ab
1300 1256 1379 1296 oris

311 1316 511 1366 incubuit,
540 1315 813 1371 Scythiaeque
837 1317 991 1358 hiemes
1016 1323 1137 1369 atque
1161 1316 1273 1356 arida
1296 1316 1431 1356 differt

311 1377 469 1427 nubila3
496 1385 581 1418 tum
606 1383 765 1432 segetes
790 1377 894 1418 altae
919 1378 1132 1431 campique
1156 1382 1341 1418 natantes

264 1435 267 1437 ¹
311 1438 470 1479 lenibus
494 1438 732 1479 horrescunt
754 1437 911 1487 flabris,
938 1451 1201 1491 summaeque
1227 1452 1414 1479 sonorem

225 1512 288 1542 200
312 1500 410 1540 dant
434 1498 578 1547 silvae,
603 1498 796 1553 longique
819 1504 997 1554 urguent
1019 1499 1072 1539 ad
1094 1498 1213 1539 litora
1235 1498 1401 1548 fluotus;

311 1560 378 1600 ille
402 1559 528 1608 volat,
555 1559 676 1599 simul
699 1574 797 1600 arva
820 1559 938 1614 fuga,
964 1559 1084 1600 simul
1108 1573 1284 1612 aequora
1306 1573 1481 1600 verrens.

311 1620 406 1661 hinc
428 1619 493 1661 vel
517 1620 570 1661 ad
592 1619 685 1660 Elei
708 1626 837 1661 metas
862 1626 902 1661 et
924 1620 1103 1661 maxima
1126 1620 1259 1674 campi

312 1680 475 1722 sudabit
499 1681 629 1735 spatia
653 1687 692 1722 et
717 1696 883 1735 spumas
908 1687 1003 1736 aget
1027 1695 1096 1722 ore
1120 1689 1325 1721 cruentas:

311 1742 482 1797 Belgica
507 1742 570 1783 vel
593 1741 706 1783 molli
728 1742 873 1783 melius
897 1741 1000 1782 feret
1027 1741 1172 1782 esseda
1196 1741 1311 1782 eollo.

224 1815 287 1846 205
311 1809 398 1843 tum
422 1803 587 1843 demum
611 1817 748 1843 crassa
771 1818 966 1857 magnum
990 1802 1192 1857 fairaginc
1217 1816 1362 1856 corpus

312 1877 492 1904 crescere
515 1863 597 1903 iam
621 1863 783 1903 domitis
809 1863 946 1904 sinito:
971 1877 1147 1916 namque
1172 1868 1264 1904 ante
1289 1863 1533 1904 domandum

310 1924 487 1979 ingentis
512 1923 652 1964 tollent
675 1923 851 1972 animos,
875 1923 1093 1977 prensique
1116 1923 1325 1978 negabunt

311 1984 481 2026 verbera
503 1984 612 2024 lenta
634 1984 719 2038 pati
743 1989 782 2024 et
806 1984 916 2024 duris
940 1998 1081 2038 parere
1104 1984 1266 2038 lupatis.

369 2043 455 2087 Sed
477 2059 560 2085 non
581 2044 665 2085 ulla
687 2044 820 2099 magis
843 2044 949 2085 vires
973 2044 1172 2085 industria
1194 2044 1339 2093 firmat,

223 2118 290 2149 210
313 2120 437 2159 quam
460 2104 664 2146 Venerem
688 2110 728 2146 et
750 2104 862 2146 caeci
885 2105 1070 2146 stimulos
1095 2110 1276 2146 avertere
1300 2105 1461 2154 amoris,

312 2167 398 2208 sive
421 2166 546 2208 boum
570 2166 655 2207 sive
680 2171 742 2207 est
765 2165 831 2207 eui
854 2166 1006 2220 gratior
1029 2181 1129 2207 usus
1155 2180 1363 2219 equorum.

312 2234 434 2282 atque
456 2228 548 2268 ideo
573 2233 708 2268 tauros
732 2227 874 2281 procul
896 2233 1018 2280 atque
1041 2227 1084 2268 in
1107 2227 1193 2268 sola
1214 2226 1397 2280 relegant

310 2303 482 2343 pascua,
506 2294 600 2343 post
621 2294 802 2329 montem
826 2288 1057 2342 oppositum
1081 2294 1121 2328 et
1144 2293 1253 2328 trans
1278 2287 1445 2328 flumina
1467 2286 1561 2335 lata,

312 2355 382 2391 aut
404 2349 512 2390 intus
537 2349 696 2390 clausos
721 2354 859 2390 satura
881 2349 934 2389 ad
955 2348 1168 2403 praesepia
1192 2353 1365 2389 servant.

225 2422 288 2454 215
313 2410 442 2464 carpit
466 2409 574 2451 enim
598 2409 704 2450 vires
728 2409 940 2463 paullatim
963 2409 1123 2462 uritque
1146 2408 1323 2449 videndo

312 2471 481 2520 semina,
506 2485 582 2511 nec
605 2484 816 2511 nemorum
838 2470 989 2524 patitur
1010 2469 1245 2510 meminisse
1266 2483 1343 2509 nec
1366 2467 1527 2508 herbae.

312 2531 499 2573 dulcibus
523 2531 592 2572 illa
615 2531 779 2585 quidem
802 2530 1002 2572 illecebris
1027 2536 1067 2571 et
1091 2544 1213 2584 saepe
1237 2528 1433 2583 superbos

312 2591 501 2633 cornibus
524 2592 629 2632 inter
651 2605 695 2633 se
720 2590 872 2646 subigit
895 2591 1110 2632 decernere
1132 2589 1316 2631 amantis.

251 2694 267 2698 ,Ἴ
311 2652 491 2707 pascitur
512 2652 555 2692 in
577 2667 728 2707 magna
752 2652 855 2693 silva
877 2652 1057 2693 formosa
1078 2652 1266 2692 iuvenca:

226 2725 290 2756 220
311 2713 369 2754 illi
393 2713 635 2754 alternantes
659 2711 786 2752 multa
808 2712 849 2753 vi
871 2712 1025 2766 proelia
1047 2711 1218 2752 miscent
