1794 3048
387 312 440 353 96
790 320 830 354 Ρ.
849 317 1080 354 VERGILII
1098 318 1323 356 MARONlS

297 436 362 466 260
386 421 694 477 magnanimum
718 418 891 460 Aenean
899 435 910 468 3
935 433 1068 472 neque
1091 434 1157 461 me
1182 421 1381 462 sententia
1403 422 1534 463 vertit.

384 483 451 523 hic
475 482 548 523 tibi
571 506 626 511 —
650 479 768 521 fabor
791 480 917 529 enim,
942 481 1106 534 quando
1129 481 1231 523 haec
1254 487 1294 522 te
1319 496 1416 523 cura
1438 484 1650 531 remordet,

384 542 546 598 longius
571 547 611 582 et
634 540 802 582 volvens
827 540 1003 583 fatorum
1025 556 1174 584 arcana
1196 542 1371 584 movebo
1390 568 1450 595 ‚—

384 602 538 644 bellum
561 602 706 656 ingens
729 607 844 657 geret
866 601 987 644 Italia
1009 603 1265 658 populosque
1291 604 1448 646 feroces

387 663 625 712 contundet,
651 677 868 716 moresque
892 663 989 705 viris
1014 670 1055 705 et
1077 665 1240 706 moenia
1261 671 1398 720 ponet,

297 738 360 768 265
384 725 502 766 tertia
525 725 624 765 dum
646 724 772 765 Latio
795 731 1034 780 regnantem
1057 725 1204 767 viderit
1227 732 1375 776 aestas,

383 794 578 840 ternaque
601 786 832 827 transierint
853 786 1018 828 Rutulis
1042 787 1213 830 hiberna
1236 787 1430 830 subactis.

384 854 426 889 at
448 862 552 902 puer
573 845 800 897 Ascanius,
828 848 895 889 cui
917 863 1027 890 nunc
1050 863 1279 905 cognomen
1300 848 1393 890 Iulo

384 909 564 959 additur,
589 933 644 939 ——
667 908 755 950 Ilus
780 915 883 959 erat,
910 909 1009 950 dum
1031 925 1096 952 res
1122 911 1233 952 stetit
1254 910 1334 951 Ilia
1355 925 1482 966 regno
1507 935 1560 940 —

384 970 550 1026 triginta
574 984 746 1025 magnos
770 970 984 1012 volvendis
1009 971 1220 1013 mensibus
1246 970 1365 1013 orbes

297 1044 362 1075 270
385 1031 555 1086 imperio
579 1030 776 1086 explebit,
802 1046 1058 1087 regnumque
1082 1032 1134 1074 ab
1159 1033 1257 1074 sede
1280 1032 1432 1073 Lavini

384 1092 602 1133 transferet
625 1097 666 1133 et
687 1091 854 1147 longam
878 1093 1006 1134 multa
1029 1093 1071 1134 vi
1094 1093 1251 1135 muniet
1273 1092 1440 1135 Albam.

384 1153 452 1194 hic
473 1153 557 1194 iam
580 1158 641 1194 ter
663 1158 827 1194 centum
850 1159 956 1195 totos
980 1154 1218 1210 regnabitur
1241 1168 1370 1195 annos

384 1221 507 1270 gente
532 1213 609 1256 sub
632 1213 857 1264 Hectorea,
883 1215 1014 1256 donec
1036 1216 1179 1271 regina
1203 1215 1393 1256 sacerdos

385 1275 521 1317 Marte
546 1275 683 1331 gravis
707 1276 916 1331 geminam
938 1282 1059 1330 partu
1087 1276 1200 1318 dabit
1224 1276 1302 1317 Ilia
1323 1275 1492 1330 prolem.

297 1350 360 1380 :275
385 1337 480 1378 inde
502 1336 623 1391 lupae
646 1335 761 1377 fulvo
784 1337 952 1377 nutricis
977 1337 1157 1392 tegmine
1179 1337 1310 1378 laetus

384 1397 586 1439 Romulus
611 1397 787 1452 excipiet
809 1403 975 1452 gentem
999 1404 1039 1439 et
1062 1397 1269 1439 Mavortia
1292 1397 1440 1439 condet

390 1457 553 1499 moenia
577 1457 870 1511 Romanosque
895 1473 970 1500 suo
995 1459 1046 1500 de
1069 1459 1232 1500 nomine
1257 1459 1376 1500 dicet.

386 1520 449 1561 his
475 1533 552 1574 ego
576 1533 652 1560 nce
675 1525 806 1561 metas
829 1534 965 1561 rerum
988 1534 1064 1562 nec
1088 1526 1272 1575 tempora
1293 1534 1402 1575 pono
1410 1536 1421 1569 3

386 1580 603 1636 imperium
627 1580 713 1622 sine
737 1580 818 1622 fine
842 1581 948 1622 dedi.
973 1582 1072 1635 quin
1096 1596 1242 1637 aspera
1262 1582 1381 1631 Iuno,

298 1654 362 1685 280
386 1656 490 1696 quae
515 1656 626 1683 mare
649 1656 759 1683 nunc
782 1648 992 1696 terrasque
1015 1651 1127 1684 metu
1151 1642 1390 1697 caelumque
1414 1642 1571 1698 fatigat,

386 1703 556 1744 consilia
578 1703 621 1744 in
643 1703 789 1745 melius
812 1703 979 1754 referet,
1006 1718 1248 1758 mecumque
1271 1703 1428 1746 fovebit

386 1763 615 1814 Romanos,
640 1778 776 1805 rerum
799 1764 1006 1815 dominos,
1031 1771 1277 1820 gentemque
1301 1771 1495 1821 togatam.

387 1825 448 1867 sic
470 1825 677 1880 placitum.
702 1826 838 1868 veniet
859 1826 998 1868 lustris
1023 1826 1254 1868 labentibus
1279 1833 1404 1876 aetas,

389 1900 481 1928 cum
506 1887 653 1928 domus
676 1885 873 1929 Assaraci
896 1887 1090 1929 Phthiam
1115 1888 1326 1941 clarasque
1350 1887 1551 1942 Mycenas

300 1960 364 1991 285
389 1948 553 1989 servitio
575 1954 733 2002 premet
757 1962 805 1989 ac
827 1948 946 1989 victis
973 1948 1249 1999 dominabitur
1270 1947 1410 2003 Argis.

387 2014 578 2050 nascetur
600 2008 771 2063 pulchra
795 2009 997 2051 Troianus
1022 2009 1178 2064 origine
1204 2008 1371 2058 Caesar,

387 2070 604 2124 imperium
629 2067 818 2120 Oceano,
843 2070 997 2111 famam
1019 2070 1091 2124 qui
1114 2070 1302 2111 terminet
1325 2069 1458 2119 astris,

387 2131 538 2181 Iulius,
564 2146 588 2172 a
610 2146 762 2186 magno
786 2131 1010 2173 demissum
1033 2145 1183 2172 nomen
1205 2131 1311 2172 Iulo.

387 2192 498 2234 hunc
522 2198 566 2233 tu
589 2192 687 2234 olim
710 2193 840 2243 caelo,
867 2193 1007 2248 spoliis
1033 2191 1217 2235 Orientis
1241 2199 1445 2242 onustum,

300 2265 365 2297 290
389 2253 563 2309 accipies
589 2268 732 2295 secura
739 2269 751 2304 3
775 2253 988 2296 vocabitur
1009 2253 1077 2295 hic
1100 2268 1265 2308 quoque
1287 2253 1407 2295 votis.

388 2329 534 2370 aspera
557 2321 644 2356 tum
666 2315 811 2370 positis
834 2315 1050 2357 mitescent
1073 2314 1237 2357 saecula
1259 2314 1378 2356 bellis
1386 2330 1398 2364 3

389 2391 492 2418 cana
513 2376 657 2426 Fides,
683 2382 723 2417 et
747 2375 894 2427 Vesta,
918 2377 1051 2419 Remo
1075 2391 1169 2418 cum
1192 2375 1316 2417 :fratre
1342 2375 1551 2428 Quirinus,

388 2438 478 2479 iura
501 2437 675 2488 dabunt3
700 2438 812 2479 dirae
835 2437 943 2480 ferro
967 2444 1008 2479 et
1031 2437 1285 2493 conpagibus
1310 2437 1407 2479 artis

390 2499 631 2540 claudentur
654 2498 749 2540 belli
772 2504 934 2554 portae;
956 2498 1090 2541 Furor
1124 2499 1263 2554 inpius
1287 2498 1397 2540 intus

302 2572 365 2604 295
389 2574 513 2602 saeva
537 2561 684 2602 sedens
709 2575 831 2615 super
853 2575 967 2602 arma
989 2565 1030 2601 et
1052 2568 1216 2601 eentum
1238 2559 1397 2600 vinctus
1422 2557 1534 2599 aenis

389 2626 483 2676 post
506 2627 668 2677 tergum
690 2621 809 2663 nodis
833 2621 980 2662 fremet
1002 2621 1189 2663 horridus
1213 2634 1281 2661 ore
1305 2621 1510 2661 cruento.“

445 2681 564 2723 Haec
587 2682 645 2723 ait
667 2687 708 2723 et
729 2680 846 2724 Maia
867 2681 1052 2737 genitum
1076 2681 1251 2722 demittit
1273 2679 1325 2722 ab
1349 2679 1443 2729 alto,

390 2747 435 2782 ut
460 2748 588 2783 terrae
595 2773 606 2792 ,
633 2748 757 2796 utque
779 2757 910 2784 novae
931 2747 1099 2797 pateant
1116 2740 1383 2796 Karthaginis
1409 2754 1522 2781 arces
