1780 3074
575 312 836 351 AENEIDOS
855 313 1029 350 LIB.VI.
1059 313 1063 315 ’
1245 314 1250 316 ’
1399 303 1484 346 205

117 419 418 478 quinquaginta
441 418 540 462 atris
564 418 742 461 inmanis
767 417 949 460 hiatibus
974 418 1126 473 Hydra

117 484 279 528 saevior
300 483 413 526 intus
437 481 564 525 habet
588 481 743 524 sedem.
770 487 859 523 tum
883 480 1084 523 Tartarus
1109 481 1200 537 ipse

115 546 181 590 bis
204 551 319 603 patet
341 545 384 587 in
407 559 607 601 praeceps
631 551 793 587 tantum
817 543 1029 598 tenditque
1055 543 1133 586 sub
1157 543 1342 594 umbras,

116 616 296 665 quantus
322 609 376 651 ad
399 608 628 650 aetherium
653 607 757 649 caeli
781 612 1000 663 suspectus
1028 605 1274 663 Olympum.

115 673 184 714 hic
207 687 340 729 genus
365 671 582 725 antiquum
606 670 780 721 Terrae,
806 669 974 711 Titania
996 668 1144 726 pubes,
1513 680 1578 713 580

116 735 290 776 fulmine
315 733 464 775 deiecti
487 733 618 775 fundo
642 732 867 774 volvuntur
889 732 933 773 in
956 732 1053 774 imo.

117 797 185 839 hic
209 803 251 839 et
273 795 450 838 Aloidas
474 795 664 852 geminos
688 794 872 836 inmania
894 794 982 837 vidi

117 874 306 915 corpora,
332 857 404 913 qui
427 857 620 899 manibus
644 872 846 914 magnum
867 857 1103 899 rescindere
1128 857 1289 900 caelum

117 922 170 964 ad
222 921 324 972 essi,
351 920 595 976 superisque
619 919 766 962 Iovem
789 920 1008 962 detrudere
1032 920 1186 977 regnis.

116 937 222 1026 vig
227 989 268 1025 et
291 982 468 1025 crudelis
495 983 663 1024 dantem
689 981 916 1025 Salmonea
938 993 1110 1038 poena-s,
1515 996 1582 1027 585

117 1047 217 1088 dum
240 1045 429 1087 flammas
454 1044 569 1087 Iovis
595 1051 636 1087 et
660 1045 819 1087 sonitus
843 1045 1029 1087 imitatur
1054 1044 1241 1102 Olympi.

116 1114 312 1164 quattuor
334 1107 403 1149 hic
426 1107 616 1150 invectus
641 1108 758 1162 equis
784 1113 825 1150 et
847 1107 1042 1164 lampada
1065 1122 1272 1162 quassans

116 1186 192 1227 per
217 1168 392 1213 Graium
414 1170 592 1227 populos
617 1170 860 1225 mediaeque
883 1185 959 1227 per
981 1170 1118 1213 Elidis
1142 1171 1290 1213 urbem

117 1233 206 1276 ibat
229 1248 378 1283 ovans,
404 1233 626 1287 divomque
652 1232 732 1275 sibi
754 1233 956 1289 poscebat
978 1233 1192 1284 honorem,

120 1294 310 1338 demens!
336 1295 408 1350 qui
431 1295 594 1338 nimbos
619 1302 661 1337 et
683 1311 768 1338 non
790 1295 991 1338 imitabile
1015 1295 1176 1338 fulmen
1517 1308 1583 1340 590

120 1372 214 1400 aere
239 1363 280 1399 et
303 1357 574 1412 cornipedum
596 1357 723 1413 pulsu
746 1358 959 1400 simularet
983 1373 1199 1413 equorum.

121 1426 164 1463 at
186 1425 304 1476 pater
327 1420 588 1475 omnipotens
613 1420 744 1461 densa
766 1420 873 1462 inter
895 1420 1039 1462 nubila
1061 1421 1191 1462 telum

122 1482 338 1533 contorsit,
363 1496 448 1523 non
470 1481 539 1523 isse
563 1481 678 1523 faces
701 1496 780 1523 nec
803 1481 945 1524 fumea
967 1483 1100 1524 taedis

121 1544 296 1595 lumina,
320 1544 670 1600 praecipitemque
694 1544 851 1586 inmani
874 1543 1036 1586 turbine
1061 1545 1214 1601 adegit.

121 1621 199 1648 nec
222 1621 307 1648 non
330 1612 372 1648 et
395 1606 568 1661 Tityon,
594 1605 748 1663 Terrae
773 1606 1068 1662 omniparentis
1093 1607 1320 1658 alumnum,
1519 1621 1586 1652 595

123 1683 289 1711 cernere
314 1674 419 1719 erat,
444 1683 522 1724 per
542 1674 630 1711 tota
652 1683 805 1710 novem
828 1669 896 1711 cui
919 1669 1064 1726 iugera
1087 1684 1238 1725 corpus

122 1731 363 1787 porrigitur,
388 1737 603 1785 rostroque
626 1730 805 1773 inmanis
829 1731 966 1773 voltur
989 1731 1153 1774 obunco

123 1792 339 1835 inmortale
362 1792 476 1834 iecur
499 1793 675 1835 tondens
698 1793 961 1848 fecundaque
983 1794 1130 1850 poenis

123 1855 285 1897 viscera
307 1854 561 1909 rimaturque
586 1855 718 1911 epulis
743 1855 985 1910 habitatque
1011 1855 1089 1898 sub
1114 1855 1198 1898 alto

124 1923 309 1974 pectore,
334 1932 411 1959 nec
434 1917 550 1960 fibris
573 1918 738 1972 requies
764 1918 886 1960 datur
908 1918 994 1960 ulla
1016 1919 1184 1961 renatis.
1522 1933 1587 1964 600

124 1979 226 2035 quid
248 1994 475 2022 memorem
496 1980 722 2036 Lapithas,
746 1980 896 2023 Ixiona
919 1980 1263 2036 Pirithoumque?

124 2056 230 2097 quos
255 2057 380 2098 super
403 2048 492 2084 atra
516 2042 621 2084 silex
643 2043 727 2085 iam
750 2043 834 2085 iam
856 2043 1026 2099 lapsura
1050 2044 1295 2099 cadentique

123 2103 297 2146 inminet
321 2104 543 2156 adsimilis3
567 2104 707 2147 lucent
730 2105 963 2162 genialibus
989 2105 1083 2148 altis

125 2181 250 2208 aurea
272 2166 405 2208 fulcra
428 2167 547 2217 toris,
574 2167 804 2223 epulaeque
829 2174 924 2210 ante
949 2183 1021 2210 ora
1043 2175 1214 2224 paratae

123 2228 293 2284 regifico
316 2228 437 2278 luxu3
461 2229 683 2271 Furiarum
706 2230 890 2272 maxima
911 2230 1030 2272 iuxta
1523 2243 1587 2273 605

127 2289 302 2331 accubat
325 2296 366 2331 et
394 2290 586 2332 manibus
610 2291 800 2345 prohibet
825 2291 1065 2347 contingere
1089 2306 1270 2341 mensas,

128 2350 397 2406 exsurgitque
421 2351 556 2392 facem
580 2352 770 2394 attollens
796 2359 920 2407 atque
943 2353 1103 2394 intonat
1126 2368 1208 2395 ore.

128 2412 214 2463 hic,
240 2412 392 2466 quibus
418 2412 543 2454 invisi
566 2412 732 2463 fratres,
758 2413 860 2454 dum
883 2413 969 2455 vita
991 2414 1199 2464 manebat,

128 2474 371 2531 pulsatusve
395 2488 545 2529 parens
572 2480 613 2516 et
635 2474 751 2516 fraus
775 2475 927 2517 innexa
951 2475 1101 2525 clienti,
1461 2511 1468 2514 .

129 2543 200 2579 aut
223 2537 295 2591 qui
319 2536 472 2578 divitiis
499 2536 576 2578 soli
598 2536 823 2579 incubuere
846 2537 1034 2592 repertis,
1520 2551 1585 2582 610

129 2613 206 2641 nec
228 2605 390 2655 partem
412 2613 589 2654 posuere
615 2598 719 2648 suis,
745 2612 852 2652 quae
876 2599 1057 2641 maxima
1081 2599 1202 2641 turba
1225 2606 1301 2651 est,

129 2661 283 2715 quique
307 2660 361 2703 ob
385 2661 633 2703 adulterium
657 2661 786 2711 caesi,
811 2660 964 2714 quique
988 2676 1103 2703 arma
1127 2663 1258 2704 secuti

129 2722 261 2778 inpia,
286 2738 363 2765 nec
386 2723 506 2764 veriti
529 2723 790 2764 dominorum
813 2722 956 2764 fallere
979 2722 1159 2774 dextras,

131 2784 280 2827 inclusi
302 2795 480 2841 poenam
503 2790 757 2841 exspectant.
782 2799 834 2827 ne
859 2799 1011 2840 quaere
1035 2785 1186 2837 doceri,
