1780 3074
557 306 815 346 ⁴fflNfflDos
834 306 931 342 Lm.
949 307 995 343 v.
1277 354 1282 357 f
1376 296 1457 339 169

98 429 197 471 ergo
222 413 332 470 agite
357 419 398 454 et
420 412 576 454 laetum
600 411 737 453 cuncti
761 409 1015 452 celebremus
1039 409 1258 459 honorem

97 491 319 532 poscamus
343 481 509 524 ventos,
535 480 659 528 atque
683 473 787 514 haec
810 487 877 514 me
903 486 1021 514 sacra
1043 477 1144 526 quot
1167 471 1286 513 annis

97 537 199 580 urbe
222 537 324 579 velit
345 537 484 592 posita
507 535 672 590 templis
699 534 779 576 sibi
802 534 910 576 ferre
935 534 1095 575 dicatis.

98 599 196 641 bina
217 598 345 641 boum
369 597 488 640 vobis
514 596 641 638 Troia
664 601 884 652 generatus
908 594 1087 638 Acestes

98 661 169 702 dat
192 674 365 702 numero
390 659 527 714 capita
548 659 593 700 in
615 658 754 708 navis3
779 656 972 699 adhibete
995 657 1176 699 Penates

99 729 139 765 et
162 722 316 778 patrios
341 721 474 777 epulis
499 726 540 762 et
563 734 667 774 quos
692 719 790 761 colit
812 718 965 774 hospes
989 717 1182 761 Acestes.

98 790 329 840 praeterea,
357 783 393 824 si
416 797 526 824 nona
550 781 661 822 diem
684 780 928 822 mortalibus
953 780 1110 822 almum

99 861 246 888 aurora
271 844 462 887 extulerit
484 843 694 897 radiisque
717 842 911 884 retexerit
935 842 1091 893 orbem,

98 908 232 963 prima
255 906 358 948 citae
383 905 557 947 Teucris
580 918 735 960 ponam
759 903 983 945 certamina
1007 904 1172 955 classis;

99 969 255 1024 quique
277 967 433 1024 pedum
458 981 582 1008 cursu
604 965 715 1007 valet
739 971 780 1007 et
803 965 875 1019 qui
898 965 1055 1007 viribus
1081 966 1217 1007 audax

99 1037 169 1073 aut
192 1030 328 1072 iaculo
351 1029 505 1071 incedit
528 1028 674 1069 melior
696 1027 942 1082 levibusque
967 1028 1130 1084 sagittis

100 1107 175 1135 seu
198 1092 326 1134 crudo
351 1091 440 1132 fidit
463 1105 647 1146 pugnam
673 1090 928 1131 committere
954 1096 1109 1139 caestu,

98 1154 236 1197 cuncti
258 1152 395 1195 adsint
417 1152 669 1206 meritaeque
694 1157 935 1207 exspectent
958 1151 1143 1206 praemia
1165 1151 1342 1207 palmae.

102 1230 172 1258 ore
196 1215 334 1258 favete
359 1229 503 1257 omnes
528 1220 569 1256 et
593 1213 746 1270 cingite
771 1219 959 1269 tempora
981 1214 1149 1255 ramis.“

159 1276 231 1320 Sic
254 1277 366 1319 fatus
389 1276 501 1318 velat
523 1271 710 1318 materna
732 1281 920 1331 tempora
943 1282 1092 1332 myrto.

99 1339 179 1382 hoc
202 1339 410 1394 Helymus
434 1338 553 1388 facit,
578 1337 657 1380 hoc
681 1338 774 1379 aevi
797 1343 983 1380 maturus
1008 1337 1201 1388 Acestes,

100 1402 180 1443 hoc
204 1415 306 1457 puer
329 1399 560 1450 Ascanius,
587 1400 772 1454 sequitur
795 1414 900 1454 quos
925 1406 1062 1442 cetera
1084 1400 1231 1456 pubes.

100 1463 169 1505 ille
194 1477 216 1505 e
242 1462 414 1504 concilio
439 1461 580 1503 multis
605 1476 700 1502 cum
723 1461 891 1503 milibus
915 1461 1003 1503 ibat

102 1525 155 1565 ad
178 1524 383 1566 tumulum
407 1538 560 1580 magna
583 1523 743 1564 medius
770 1523 990 1565 comitante
1015 1529 1192 1566 caterva.

101 1586 168 1627 hic
193 1586 275 1628 duo
298 1586 375 1627 rite
400 1600 514 1627 mero
538 1585 673 1627 libans
698 1585 910 1627 carchesia
934 1584 1093 1627 baccho

102 1647 239 1689 fundit
264 1647 399 1698 humi,
427 1647 509 1689 duo
533 1647 640 1689 lacte
664 1662 791 1698 novo,
818 1647 900 1689 duo
926 1647 1128 1703 sanguine
1153 1662 1285 1697 sacro,

101 1723 413 1765 purpureosque
437 1709 534 1751 iacit
557 1709 679 1751 flores
705 1724 753 1751 ac
778 1709 876 1751 talia
899 1708 1029 1751 fatur:

106 1771 265 1823 „salve,
292 1778 433 1814 sancte
457 1786 626 1827 parens,
651 1772 819 1823 iterum,
847 1772 1022 1823 salvete,
1047 1772 1202 1828 recepti

103 1833 354 1887 nequiquam
379 1833 555 1884 cineres,
581 1834 825 1889 animaeque
849 1834 1104 1889 umbraeque
1126 1841 1335 1889 paternae.

104 1910 187 1936 non
210 1895 325 1936 licuit
348 1895 441 1936 finis
465 1895 594 1937 Italos
619 1895 843 1950 fataliaque
867 1911 979 1946 arva,

105 1971 180 1998 nec
199 1962 335 1998 tecum
351 1956 600 2008 Ausonium,
628 1958 878 2013 quicumque
903 1965 979 2009 est,
1005 1972 1202 2012 quaerere
1221 1956 1465 2013 Thybrim.“

106 2019 265 2060 dixerat
287 2018 410 2070 haec,
436 2019 572 2075 adytis
597 2035 694 2062 cum
715 2020 899 2063 lubricus
924 2021 1073 2077 anguis
1098 2019 1150 2062 ab
1174 2019 1269 2061 imis

107 2086 266 2135 septem
289 2080 436 2137 ingens
460 2096 608 2137 gyros,
635 2088 807 2138 septena
829 2082 1041 2125 volumina
1064 2082 1201 2132 traxit,

107 2141 321 2198 amplexus
344 2143 506 2198 placide
531 2144 735 2186 tumulum
758 2144 986 2200 lapsusque
1008 2159 1084 2200 per
1106 2159 1212 2194 aras,

108 2203 319 2245 caeruleae
343 2204 409 2245 cui
433 2210 550 2260 terga
571 2212 694 2248 notae
719 2206 956 2248 maculosus
981 2212 1022 2248 et
1045 2220 1146 2248 auro

109 2279 323 2318 squamam
347 2265 596 2307 incendebat
618 2266 775 2322 fulgor,
801 2282 877 2308 ceu
900 2267 1081 2309 nubibus
1106 2281 1226 2308 arcus

109 2324 221 2366 mille
244 2324 340 2365 iacit
364 2326 501 2367 varios
526 2327 702 2369 adverso
728 2328 814 2370 sole
838 2328 1009 2370 colores.

110 2385 327 2444 obstupuit
350 2386 446 2427 visu
467 2385 651 2429 Aeneas.
675 2388 745 2430 ille
770 2389 936 2445 agmine
958 2389 1085 2445 longo

111 2446 277 2488 tandem
300 2446 407 2489 inter
429 2454 595 2503 pateras
621 2454 662 2490 et
684 2449 793 2491 levia
815 2450 965 2505 pocula
990 2465 1159 2505 serpens

111 2507 336 2562 libavitque
361 2509 510 2564 dapes,
539 2524 765 2564 rursusque
788 2510 980 2553 innoxius
1003 2511 1088 2553 imo

113 2569 313 2611 successit
337 2570 494 2612 tumulo
519 2576 560 2612 et
583 2571 755 2626 depasta
779 2571 922 2613 altaria
943 2572 1075 2626 liquit.

113 2630 192 2672 hoc
215 2631 349 2687 magis
372 2631 559 2687 inceptos
584 2633 761 2688 genitori
784 2633 986 2675 instaurat
1008 2633 1199 2683 honores,

114 2691 292 2735 incertus
316 2693 538 2750 geniumne
562 2693 643 2736 loci
666 2694 921 2736 famulumne
944 2695 1126 2750 parentis

117 2767 208 2796 esse
232 2761 348 2810 putet
355 2771 367 2807 3
392 2756 525 2798 caedit
549 2755 667 2798 binas
692 2757 743 2798 de
768 2771 882 2798 more
906 2756 1096 2808 bidentis,

1485 545 1527 577 60

1488 854 1530 885 65

1491 1165 1532 1194 70

1492 1475 1533 1504 75

1492 1783 1536 1814 80

1494 2092 1537 2123 85

1497 2400 1539 2429 90

1497 2710 1538 2740 95
