1780 3074
531 269 791 308 AENEIDOS
810 270 908 306 LIB.
929 271 992 307 VI.
1249 296 1254 298 >
1361 262 1439 304 191

83 392 206 421 caeca
228 391 378 434 regens
403 376 472 418 filo
497 375 686 432 vestigia.
713 381 758 417 tu
781 389 947 430 quoque
972 390 1166 432 magnam

81 447 240 496 partem
264 454 388 496 opere
412 439 455 480 in
480 444 612 489 tanto,
639 438 791 480 sineret
814 438 948 488 dolor,
974 438 1110 489 Icare,
1135 437 1324 481 haberes.

80 503 145 545 bis
170 508 342 544 conatus
368 507 456 544 erat
479 516 602 543 casus
627 500 826 557 effingere
849 500 892 541 in
916 515 1017 543 auro
1025 517 1036 551 3

79 564 143 606 bis
168 564 324 620 patriae
349 563 535 606 cecidere
558 577 720 605 manus.
746 562 846 618 quin
868 563 1055 619 protinus
1080 563 1219 606 omnia

78 626 338 683 perlegerent
362 625 512 676 oculis,
538 625 583 666 ni
605 624 688 666 iam
712 624 966 680 praemissus
989 624 1176 668 Achates

79 688 239 731 adforet
264 695 388 743 atque
413 703 496 730 una
518 687 682 729 Phoebi
707 687 956 742 Triviaeque
981 688 1188 738 sacerdos,

79 749 302 807 Deiphobe
328 748 497 799 Glauci,
522 748 634 792 fatur
657 763 764 803 quae
789 748 887 790 talia
909 749 1017 806 regi:

82 828 191 866 „non
213 812 293 854 hoc
316 812 397 854 ista
421 810 501 854 sibi
524 817 688 866 tempus
714 811 952 866 spectacula
975 812 1130 867 poscit3

28 889 34 895 ’
78 889 188 918 nunc
211 888 339 931 grege
364 873 417 914 de
438 873 593 915 intacto
618 878 778 928 septem
801 878 982 914 mactare
1006 873 1204 917 iuvencos

76 935 346 994 praestiterit,
371 935 544 977 totidem
566 934 696 976 lectas
721 934 773 976 de
798 949 912 976 more
936 934 1158 982 bidentis.“

77 999 228 1042 talibus
254 997 395 1040 adfata
418 996 594 1039 Aenean
618 1022 673 1027 —
697 1011 775 1038 nee
800 1012 918 1039 sacra
941 1005 1156 1040 morantur

76 1063 192 1104 iussa
214 1060 292 1102 viri
315 1085 371 1090 —
395 1059 582 1102 Teucros
606 1056 728 1102 vocat
752 1059 836 1101 alta
857 1060 902 1102 in
925 1061 1080 1116 templa
1105 1061 1311 1103 sacerdos.

130 1123 336 1166 Excisum
358 1121 574 1164 Euboicae
597 1122 706 1164 latus
730 1122 878 1178 ingens
902 1123 1019 1178 rupis
1042 1123 1087 1164 in
1111 1130 1288 1175 antrum,

75 1201 158 1241 quo
181 1185 254 1228 lati
278 1185 435 1227 ducunt
458 1184 594 1226 aditus
625 1190 810 1235 centum,
836 1185 942 1226 ostia
966 1192 1146 1236 centum,

76 1249 187 1291 unde
210 1254 336 1290 ruunt
359 1247 532 1289 totidem
555 1262 699 1297 voces,
724 1262 925 1302 responsa
951 1246 1149 1304 Sibyllae.

78 1317 247 1354 ventum
272 1315 360 1352 erat
383 1309 437 1351 ad
460 1309 604 1360 limen,
631 1324 727 1351 cum
750 1309 870 1366 virgo
895 1325 1094 1365 „poscere
1118 1311 1205 1354 fata

77 1375 268 1430 tempus“
294 1373 370 1424 ait3
397 1372 526 1424 „deus
551 1387 647 1414 ecce
673 1371 828 1414 deus!“
855 1373 922 1414 eui
946 1373 1043 1415 talia
1066 1374 1171 1416 fa'nti

78 1442 171 1478 ante
197 1435 308 1477 fores
334 1433 472 1476 subito
496 1448 579 1476 non
603 1434 759 1485 voltus,
785 1449 870 1476 non
893 1435 1006 1476 color
1028 1451 1151 1487 unus,

78 1513 160 1541 non
184 1503 374 1553 comptae
397 1511 588 1538 mansere
612 1511 776 1547 comae,
803 1497 878 1539 sed
899 1505 1046 1553 pectus
1072 1498 1267 1540 anhelum

78 1567 118 1603 et
133 1560 254 1603 rabie
278 1560 368 1602 fera
391 1559 517 1601 corda
541 1565 718 1609 tument,
743 1558 956 1614 maiorque
980 1560 1123 1611 videri,

77 1638 154 1666 nec
177 1622 350 1665 mortale
375 1637 548 1672 sonans,
574 1621 726 1664 adflata
751 1628 815 1664 est
837 1623 1007 1664 numine
1032 1624 1199 1678 quando

77 1686 160 1727 iam
183 1685 374 1741 propiore
399 1684 478 1726 dei.
506 1699 672 1736 „cessas
696 1684 741 1725 in
764 1690 861 1726 vota
883 1699 1124 1740 precesque,

78 1747 213 1789 Tros“
239 1747 296 1788 ait
323 1745 520 1798 „Aenea?
544 1745 711 1788 cessas?
733 1760 869 1800 neque
894 1747 1005 1788 enim
1028 1753 1124 1789 ante
1148 1748 1364 1790 dehiscent

77 1809 273 1852 attonitae
297 1824 451 1865 magna
474 1823 546 1851 ora
569 1809 759 1851 domus.“
786 1815 827 1851 et
850 1809 949 1851 talia
971 1809 1059 1851 sata

78 1871 286 1914 conticuit.
311 1871 474 1927 gelidus
500 1871 674 1914 Teucris
697 1886 773 1927 per
796 1872 899 1914 dura
923 1873 1102 1914 cucurrit

76 1948 174 1976 ossa
197 1939 366 1983 tremor,
392 1933 610 1987 funditque
633 1948 779 1990 preces
803 1949 879 1976 rex
900 1941 1066 1990 pectore
1091 1935 1143 1976 ab
1168 1936 1271 1977 imo:

79 1995 295 2046 „Phoebe,
321 1995 461 2051 gravis
486 1994 638 2037 Troiae
663 2010 828 2051 semper
850 1996 1044 2039 miserate
1067 1997 1234 2047 laboris,

75 2057 276 2099 Dardana
300 2058 372 2111 qui
394 2057 559 2100 Paridis
583 2058 734 2100 direxti
757 2058 841 2100 tela
864 2074 1095 2114 manusque

77 2134 227 2175 corpus
250 2120 295 2161 in
319 2118 548 2171 Aeacidae3
573 2136 748 2177 magnas
773 2120 970 2163 obeuntia
994 2128 1123 2163 terras

77 2186 138 2222 tot
159 2181 290 2222 maria
312 2181 461 2222 intravi
485 2182 590 2224 duce
615 2189 655 2224 te
678 2183 927 2238 penitusque
950 2191 1139 2239 repostas

76 2241 315 2296 Massylum
338 2249 484 2297 gentes
507 2250 803 2298 praetentaque
831 2243 1026 2300 Syrtibus
1051 2261 1163 2295 arva,

78 2303 161 2344 iam
185 2303 352 2343 tandem
375 2303 520 2345 Italiae
544 2305 743 2360 fugientis
766 2306 1007 2360 prendimus
1033 2321 1146 2356 oras3

78 2364 156 2406 hac
181 2364 363 2406 Troiana
386 2371 506 2406 tenus
530 2366 655 2407 fuerit
678 2367 844 2408 fortuna
868 2375 1022 2410 secuta.

80 2441 154 2468 vos
178 2440 343 2481 quoque
366 2426 623 2483 Pergameae
647 2428 730 2469 iam
753 2428 818 2471 fas
844 2435 908 2470 est
930 2444 1097 2484 parcere
1122 2430 1248 2486 genti,

78 2488 202 2543 dique
227 2488 410 2542 deaeque
436 2504 598 2540 omnes,
624 2489 775 2544 quibus
801 2490 961 2532 obstitit
983 2491 1108 2532 Ilium
1134 2498 1174 2533 et
1197 2492 1345 2548 ingens

77 2550 210 2607 gloria
232 2550 483 2592 Dardaniae.
510 2556 656 2606 tuque,
681 2566 707 2593 o
731 2552 993 2594 sanctissima
1016 2560 1146 2604 vates,

77 2613 265 2667 praescia
288 2613 467 2663 venturi,
493 2614 566 2663 da,
592 2629 676 2655 non
698 2613 883 2656 indebita
906 2629 1034 2669 posco

77 2689 207 2730 regna
230 2675 333 2717 meis
358 2675 474 2726 fatis,
499 2676 625 2718 Latio
649 2676 863 2719 considere
887 2676 1072 2719 Teucros

81 2737 334 2791 errantisque
358 2737 459 2780 deos
484 2739 720 2794 agitataque
745 2739 915 2780 numina
940 2739 1103 2781 Troiae.

1471 389 1513 419 30

1471 702 1513 733 35

1469 1013 1512 1043 40

1469 1327 1511 1356 45

1470 1639 1511 1669 50

1470 2260 1511 2289 60

1468 2569 1508 2598 65
