1820 3080
448 312 531 352 244
845 321 887 354 P.
906 319 1136 355 VERGILII
1155 310 1377 356 MARONIS

445 418 613 460 Alcides
638 418 778 467 subiit,
803 418 904 459 haec
926 418 1041 459 illum
1062 419 1176 474 regia
1199 420 1315 474 cepit.

445 479 566 527 aude,
590 478 758 532 hospes,
784 484 1038 519 contemnere
1063 493 1161 533 opes
1186 485 1225 519 et
1249 485 1288 520 te
1312 493 1472 533 quoque
1495 481 1661 536 dignum

357 552 419 581 365
444 539 551 592 finge
575 538 669 586 deo,
694 537 896 591 rebusque
920 538 1013 578 veni
1034 553 1116 579 non
1140 553 1260 593 asper
1282 540 1461 595 egenis.“

352 853 370 880 :3
376 851 415 881 70

349 1156 412 1185 375

348 1433 412 1487 3έο

346 1762 410 1791 385

344 2061 409 2092 390

345 2365 407 2395 395

443 598 543 638 dixit
567 603 607 638 et
630 598 793 652 angusti
818 598 956 639 subter
978 598 1144 654 fastigia
1167 599 1261 640 tecti

440 658 646 712 ingentem
670 658 843 698 Aenean
865 659 998 707 duxit,
1024 659 1238 713 stratisque
1261 660 1409 701 locavit

441 719 626 759 effultum
649 718 758 760 foliis
783 724 823 759 et
844 719 950 773 pelle
972 719 1203 774 Libystidis
1226 735 1357 762 ursae.

493 779 588 820 Nox
610 779 690 820 ruit
713 785 753 820 et
775 779 903 821 fuscis
927 780 1112 821 tellurem
1136 781 1391 836 amplectitur
1413 783 1499 824 alis.

440 845 480 880 at
502 839 645 880 Venus
670 839 781 880 haud
804 841 938 882 animo
961 841 1208 895 nequiquam
1231 843 1420 883 exterrita
1442 849 1581 894 mater,

438 901 774 954 Laurentumque
797 901 917 942 minis
942 907 982 942 et
1005 902 1105 942 duro
1129 909 1238 943 mota
1261 903 1436 944 tumultu

438 960 667 1001 Volcanum
692 961 938 1015 adloquitur,
963 962 1221 1017 thalamoque
1244 963 1346 1005 haec
1369 964 1552 1020 coniugis
1578 980 1696 1008 aureo

437 1021 578 1076 incipit
601 1029 640 1062 et
664 1021 780 1063 dictis
805 1022 987 1063 divinum
1011 1024 1190 1078 adspirat
1214 1039 1410 1066 amorem:

441 1082 564 1132 „dum
589 1082 694 1123 bello
717 1081 903 1138 Argolici
925 1084 1142 1126 vastabant
1163 1084 1367 1140 Pergama
1389 1099 1507 1141 reges

437 1142 573 1183 debita
596 1156 842 1196 casurasque
864 1143 1037 1186 inimicis
1061 1144 1224 1200 ignibus
1248 1160 1374 1195 areeS,

436 1218 518 1244 non
540 1202 667 1244 ullum
691 1203 885 1244 auxilium
909 1205 1084 1255 miseris,
1108 1220 1190 1246 non
1213 1220 1325 1246 arma
1346 1206 1487 1260 rogavi

437 1264 533 1304 artis
558 1264 727 1318 opisque
752 1270 863 1313 tuae,
887 1278 962 1306 nec
985 1271 1043 1315 te,
1069 1265 1276 1307 carissime
1299 1266 1485 1315 coniunX,

435 1324 693 1364 incassumve
720 1329 811 1365 tuos
834 1324 945 1365 volui
969 1339 1156 1366 exercere
1178 1325 1351 1375 labores,

436 1384 622 1438 quamvis
648 1390 688 1425 et
710 1383 865 1425 Priami
888 1384 1077 1426 deberem
1099 1385 1274 1440 plurima
1295 1386 1402 1427 natis

436 1450 477 1485 et
499 1445 646 1484 durum
668 1443 836 1485 Aeneae
859 1445 1063 1486 flevissem
1089 1459 1210 1500 saepe
1232 1446 1424 1487 laborem.

435 1518 543 1545 nunc
566 1504 678 1545 Iovis
703 1505 883 1559 imperiis
907 1504 1150 1546 Rutulorum
1175 1506 1353 1547 constitit
1375 1507 1473 1548 oris:

437 1579 534 1620 ergo
559 1565 702 1606 eadem
726 1565 899 1620 supplex
920 1566 1040 1607 venio
1064 1572 1104 1607 et
1127 1573 1312 1608 sanctum
1335 1568 1434 1609 mihi
1457 1582 1606 1610 numen

436 1641 549 1667 arma
571 1640 689 1682 rogo,
714 1626 899 1682 genetrix
921 1632 1028 1667 nato.
1054 1632 1093 1668 te
1116 1627 1200 1668 filia
1221 1627 1355 1679 Nerei,

433 1692 473 1728 te
496 1688 628 1742 potuit
650 1686 826 1729 lacrimis
851 1686 1044 1729 Tithonia
1066 1687 1227 1731 flectere
1251 1691 1439 1732 coniunx.

435 1748 591 1803 aspice,
617 1748 688 1802 qui
711 1755 854 1789 coeant
876 1750 1036 1804 populi,
1061 1765 1165 1804 quae
1187 1752 1347 1792 moenia
1370 1751 1518 1793 clausis

434 1809 587 1849 serrum
611 1815 758 1850 acuant
779 1810 906 1863 portis
931 1811 972 1850 in
996 1825 1061 1851 me
1085 1811 1367 1866 excidiumque
1391 1814 1614 1853 meorum.“

434 1869 590 1909 dixerat
614 1874 654 1909 et
676 1869 805 1910 niveis
830 1870 923 1910 hinc
947 1876 1067 1923 atque
1090 1870 1185 1912 hinc
1208 1872 1303 1912 diva
1324 1872 1483 1913 lacertis

434 1934 692 1969 cunctantem
715 1929 908 1983 amplexu
930 1930 1042 1971 molli
1065 1930 1189 1971 fovet.
1212 1931 1279 1971 ille
1302 1937 1467 1985 repente

433 1989 589 2043 accepit
613 1989 773 2029 solitam
795 1989 1019 2040 flammam,
1044 1996 1245 2044 notusque
1267 1991 1465 2031 medullas

432 2049 596 2089 intravit
619 2048 729 2089 calor
751 2055 791 2089 et
812 2049 1016 2090 labefacta
1037 2064 1111 2104 per
1132 2065 1227 2092 ossa
1250 2051 1436 2100 cucurrit,

431 2124 514 2150 non
538 2123 655 2150 secus
681 2114 802 2162 atque
824 2109 939 2159 olim,
965 2110 1115 2151 tonitru
1138 2124 1232 2151 cum
1253 2116 1374 2165 rupta
1396 2124 1564 2152 corusco

431 2171 553 2225 ignea
575 2169 678 2210 rima
700 2170 854 2211 micans
877 2171 1075 2225 percurrit
1097 2170 1248 2212 lumine
1270 2170 1441 2212 nimbos.

434 2230 560 2271 sensit
581 2230 688 2271 laeta
711 2230 814 2281 dolis
840 2237 880 2272 et
902 2231 1058 2272 formae
1081 2231 1244 2273 conscia
1267 2231 1454 2273 coniunx.

432 2297 519 2331 tum
541 2296 657 2345 pater
680 2297 844 2332 aeterno
868 2291 976 2332 fatur
998 2292 1210 2333 devinctus
1234 2306 1388 2333 amore:

434 2351 558 2405 „quid
581 2365 748 2393 caussas
771 2353 876 2407 petis
901 2367 952 2394 ex
975 2352 1082 2394 alto?
1103 2352 1252 2394 fiducia
1275 2352 1398 2394 cessit

433 2427 514 2466 quo
538 2412 629 2462 tibi,
654 2413 767 2462 diva,
791 2413 898 2454 mei?
920 2413 1063 2455 similis
1088 2413 1123 2455 si
1147 2427 1244 2455 cura
1265 2413 1423 2463 fuisset,

432 2481 519 2515 tum
542 2487 704 2528 quoque
727 2474 792 2516 fas
815 2474 933 2516 nobis
959 2474 1140 2516 Teucros
1164 2489 1320 2516 armare
1342 2474 1505 2523 fuisset3

432 2549 507 2576 nec
530 2541 646 2589 pater
667 2534 922 2590 omnipotens
948 2534 1131 2585 Troiam,
1155 2549 1231 2576 nec
1253 2534 1338 2576 fata
1359 2534 1549 2576 vetabant

435 2603 541 2636 stare
565 2596 787 2649 decemque
811 2596 911 2637 alios
934 2595 1145 2637 Priamum
1169 2593 1381 2650 superesse
1402 2608 1476 2649 per
1499 2609 1637 2635 annos.

345 2669 410 2699 400
434 2662 473 2696 et
496 2670 621 2705 nunc,
648 2656 683 2697 si
705 2655 857 2698 bellare
879 2670 999 2711 paras
1024 2661 1144 2710 atque
1168 2656 1270 2698 haec
1291 2655 1366 2697 tibi
1387 2669 1502 2695 mens
1527 2664 1600 2704 est,

433 2716 632 2769 quidquid
652 2715 696 2756 in
718 2722 802 2757 arte
826 2730 918 2757 mea
938 2731 1108 2771 possum
1130 2716 1362 2771 promittere
1386 2728 1518 2764 curae,
