1794 3048
417 286 500 329 214
816 295 859 329 Ρ.
878 293 1107 330 VERGILII
1125 292 1349 331 MARONIS

415 397 571 438 saevire
595 409 643 436 ac
665 395 820 436 formae
843 409 1085 450 magnorum
1108 394 1264 436 ululare
1285 395 1486 450 luporum,

414 472 516 511 quos
540 455 752 497 hominum
775 469 827 499 ex
849 455 954 496 facie
978 456 1055 497 dea
1078 470 1201 497 saeva
1223 457 1456 511 potentibus
1480 458 1617 500 herbis

347 531 390 561 20
412 518 599 558 induerat
624 515 744 558 Circe
767 516 810 557 in
832 516 967 558 voltus
991 531 1039 558 ac
1063 522 1178 572 terga
1200 517 1390 559 ferarum.

412 592 518 631 quae
540 592 592 618 ne
615 583 798 619 monstra
820 577 877 632 pii
899 583 1134 632 paterentur
1157 578 1254 619 talia
1277 578 1408 621 Troes

412 638 535 679 delati
557 638 601 679 in
623 644 784 693 portus,
809 652 890 679 neu
913 638 1031 680 litora
1054 638 1142 680 dira
1166 638 1360 690 subirent,

411 700 627 754 Neptunus
650 699 783 741 ventis
807 699 977 754 inplevit
998 699 1091 741 vela
1115 700 1304 742 secundis

412 768 534 813 atque
557 759 701 816 fugam
725 761 836 801 dedit
859 766 899 802 et
921 767 1082 815 praeter
1103 761 1210 802 vada
1232 761 1390 803 fervida
1411 763 1535 804 vexit.

346 836 388 866 25
468 822 639 875 Iamque
662 821 906 863 rubescebat
927 822 1050 863 radiis
1075 836 1185 863 mare
1210 828 1250 863 et
1273 823 1435 864 aethere
1459 823 1510 865 ab
1534 824 1615 866 alto

411 882 576 924 Aurora
597 883 640 923 in
662 883 791 924 roseis
816 882 1002 939 fulgebat
1024 883 1134 925 lutea
1158 883 1277 939 bigis,

413 958 508 985 cum
531 943 644 985 venti
666 958 860 998 posuere,
885 945 1099 998 omnisque
1122 951 1287 1000 repente
1310 946 1462 988 resedit

412 1005 533 1047 flatus
558 1011 598 1046 et
621 1005 664 1046 in
686 1005 796 1047 lento
819 1006 1024 1047 luctantur
1047 1021 1248 1048 marmore
1271 1013 1425 1049 tonsae.

413 1073 535 1119 atque
558 1065 625 1106 hic
647 1067 815 1107 Aeneas
838 1067 1047 1122 ingentem
1072 1081 1123 1108 ex
1147 1081 1321 1120 aequore
1344 1068 1483 1109 lucum

347 1140 389 1171 30
411 1127 620 1182 prospicit.
645 1127 754 1168 hunc
776 1127 882 1168 inter
904 1127 1029 1169 fluvio
1054 1127 1271 1169 Tiberinus
1297 1143 1480 1179 amoeno,

411 1188 631 1230 verticibus
654 1189 806 1243 rapidis
831 1194 871 1230 et
893 1189 1022 1230 multa
1044 1189 1175 1231 flavus
1201 1205 1334 1240 arena,

414 1249 458 1290 in
480 1263 592 1290 mare
614 1249 852 1304 prorumpit.
877 1250 1014 1290 variae
1039 1250 1272 1303 circumque
1297 1265 1500 1306 supraque

415 1310 609 1351 adsuetae
631 1310 731 1364 ripis
755 1310 941 1351 volucres
966 1316 1007 1350 et
1029 1310 1206 1351 fluminis
1231 1311 1348 1352 alveo

413 1371 576 1412 aethera
599 1370 832 1412 mulcebant
855 1377 995 1420 cantu,
1019 1371 1194 1424 lucoque
1218 1371 1422 1413 volabant.

348 1446 388 1476 35
412 1434 574 1474 flectere
597 1433 674 1474 iter
697 1433 816 1474 sociis
841 1438 1052 1486 terraeque
1076 1433 1285 1474 advertere
1308 1448 1450 1488 proras

413 1495 586 1549 imperat
609 1500 650 1536 et
671 1494 802 1535 laetus
826 1494 950 1535 fluvio
976 1495 1156 1535 succedit
1179 1509 1319 1549 opaco.

468 1555 588 1597 Nunc
612 1570 706 1611 age,
732 1556 803 1609 qui
824 1570 962 1611 reges,
987 1555 1134 1605 Erato,
1159 1570 1265 1609 quae
1289 1562 1472 1611 tempora
1494 1572 1642 1606 rerum,

413 1618 504 1671 quis
529 1617 653 1658 Latio
678 1617 843 1670 antiquo
867 1617 990 1658 fuerit
1013 1622 1161 1666 status,
1187 1617 1345 1658 advena
1369 1618 1543 1661 classem

414 1692 508 1719 cum
530 1678 706 1732 primum
729 1677 926 1719 Ausoniis
952 1678 1153 1719 exercitus
1178 1678 1333 1732 adpulit
1357 1679 1449 1727 oris,

347 1753 389 1782 40
414 1739 628 1794 expediam
652 1745 693 1780 et
714 1739 869 1793 primae
891 1739 1094 1781 revocabo
1118 1739 1284 1780 exordia
1306 1754 1482 1794 pugnae.

413 1807 459 1840 tu
481 1806 635 1850 vatem,
661 1806 723 1850 m,
749 1800 861 1850 diva,
886 1815 1019 1842 mone.
1044 1801 1178 1841 dicam
1200 1800 1364 1841 horrida
1386 1800 1506 1850 bella,

413 1861 547 1902 dicam
570 1861 678 1902 acies
702 1866 897 1914 actosque
920 1861 1066 1903 animis
1090 1861 1133 1902 in
1155 1861 1300 1902 funera
1322 1876 1440 1916 reges

414 1921 749 1975 Tyrrhenamque
772 1937 939 1962 manum
963 1927 1170 1975 totamque
1196 1922 1272 1963 sub
1297 1938 1410 1963 arma
1434 1928 1615 1964 coactam

413 1982 671 2036 Hesperiam.
695 1982 824 2023 maior
845 1997 982 2023 rerum
1004 1983 1104 2022 mihi
1127 1983 1308 2024 nascitur
1330 1984 1442 2032 ordo,

346 2058 388 2087 45
413 2043 544 2084 maius
569 2057 672 2097 opus
696 2058 853 2085 moveo.
878 2058 951 2084 rex
974 2059 1072 2085 arva
1094 2044 1270 2085 Latinus
1296 2050 1336 2085 et
1358 2044 1481 2086 urbes

412 2104 494 2145 iam
519 2104 654 2146 senior
674 2104 799 2160 longa
821 2105 1002 2159 placidas
1026 2104 1070 2145 in
1092 2119 1193 2159 pace
1216 2105 1398 2160 regebat.

412 2165 521 2206 hunc
543 2165 689 2207 Fauno
713 2171 753 2206 et
775 2166 956 2220 nympha
978 2166 1162 2221 genitum
1184 2166 1394 2207 Laurente
1416 2165 1576 2207 Marica

413 2227 654 2281 accipimus3
677 2227 823 2268 Fauno
847 2226 972 2268 Picus
995 2233 1129 2282 pater3
1153 2227 1271 2281 isque
1295 2233 1505 2282 parentem

412 2295 471 2338 te,
499 2287 693 2339 Saturne,
717 2289 860 2340 refert;
885 2295 930 2331 tu
954 2290 1164 2345 sanguinis
1188 2290 1354 2332 ultimus
1379 2296 1531 2332 auctor.

347 2363 389 2394 50
411 2349 520 2391 filius
543 2350 639 2392 huic
662 2350 747 2392 fato
772 2351 909 2392 divom
932 2352 1149 2406 prolesque
1172 2351 1298 2393 virilis

412 2411 524 2452 nulla
546 2411 642 2462 fuit,
666 2412 878 2467 primaque
903 2413 1035 2453 oriens
1062 2418 1200 2467 erepta
1222 2412 1388 2453 iuventa
1411 2417 1485 2453 est.

414 2472 501 2514 sola
524 2473 692 2514 domum
715 2479 756 2514 et
780 2479 914 2515 tantas
940 2473 1129 2515 servabat
1151 2473 1235 2514 filia
1259 2474 1390 2522 sedes,

412 2534 494 2575 iam
517 2541 677 2576 matura
699 2535 805 2584 viro,
829 2535 910 2576 iam
934 2535 1066 2589 plenis
1090 2534 1241 2576 nubilis
1266 2534 1395 2576 annis.

412 2595 530 2636 multi
552 2595 664 2637 illam
688 2611 837 2652 magno
862 2611 884 2637 e
907 2596 1031 2638 Latio
1055 2602 1220 2650 totaque
1243 2595 1436 2651 petebant

348 2668 388 2698 55
413 2652 600 2698 Ausonia
608 2673 619 2707 ;
642 2657 744 2712 petit
766 2664 860 2699 ante
884 2658 984 2699 alios
1008 2657 1304 2713 pulcherrimus
1330 2655 1460 2698 omnis

414 2716 578 2759 Turnus
585 2748 597 2767 ,
622 2719 710 2760 avis
735 2719 945 2773 atavisque
968 2725 1131 2774 potens,
1157 2732 1279 2772 quem
1302 2717 1416 2772 regia
1439 2717 1616 2758 coniunx
