1734 3074
652 314 864 342 PRAEFATIO
1372 307 1397 337 Υ
1404 307 1419 336 1
1427 307 1441 335 I

77 425 208 450 versus
223 412 272 448 sit
289 423 366 447 non
379 415 548 457 constat,
575 415 736 447 exeunte
755 414 882 446 autem
900 421 934 446 a.
946 409 1023 445 711.
1042 418 1156 455 quum
1169 406 1325 442 Asinius
1336 406 1444 443 Polio

81 466 228 502 Galliae
241 464 447 510 cisalpinae
460 474 637 509 pracesse
652 462 852 508 coepisset,
867 473 913 498 eo
926 471 1081 496 suasore
1088 458 1445 506 Bucolicasseribere

79 515 251 550 instituit.
298 516 395 551 Nam
414 514 578 561 aliquam
598 514 633 550 ei
657 514 796 549 famam
813 512 986 559 poeticae
998 510 1137 547 indolis
1149 510 1224 545 iam
1235 514 1315 545 tum
1327 509 1446 545 fuisse

78 567 166 602 inde
191 565 319 611 colligi
345 569 488 611 potest,
514 565 617 611 quod
642 575 720 600 non
744 563 865 600 solum
891 562 1034 609 puerile
1058 562 1248 609 quoddam
1268 562 1348 597 eius
1367 561 1445 607 epi-

79 629 246 663 gramma
258 629 280 653 a
292 617 446 652 Donato
462 620 649 652 servatum
663 619 740 661 est,
767 615 835 651 sed
848 614 961 651 etiam
973 613 1139 650 carmina
1152 613 1337 659 quaedam
1346 640 1356 658 ,
1377 612 1446 648 Cu-

80 669 141 704 lex
158 674 198 704 et
209 669 394 703 Moretum
412 667 611 713 inscripta,
636 667 919 702 adulescentem
939 664 1196 710 composuisse
1216 675 1346 700 omnes
1361 676 1447 699 con-

81 719 255 755 sentiunt.
293 719 416 765 Atque
431 719 616 754 Moretum
630 718 780 764 quidem
794 728 839 752 ex
854 716 1002 752 Graeco
1015 716 1206 752 Parthenii
1220 715 1258 751 in
1270 715 1448 751 Latinum

81 770 310 806 convertisse
323 770 494 804 traditur.
543 768 725 804 Bucolica
737 770 862 803 autem
875 778 989 812 quum
1003 777 1124 802 annos
1137 771 1249 802 natus
1264 767 1447 810 XXVIII,

79 821 103 856 i.
116 833 148 856 e.
162 834 195 856 a.
209 821 286 864 712,
301 821 465 855 scribere
480 820 688 865 coepisset,
712 818 874 854 triennio
894 817 1067 863 perfecit.
1114 817 1197 860 Quo
1217 829 1316 854 anno
1337 830 1450 864 quum

80 873 254 917 eclogae,
279 876 321 905 ut
340 872 453 915 vulgo
473 871 618 914 dicunt,
643 869 693 904 11.
713 873 752 905 et
768 869 838 904 111.
853 868 1085 914 compositae
1110 868 1202 913 sint,
1224 869 1265 913 1.,
1285 869 1346 904 eui
1364 869 1447 906 VII.

80 922 330 958 antecessisse
344 922 502 966 videtur,
517 933 550 957 a.
559 921 637 957 713.
651 920 792 967 scripta
805 924 875 964 est,
888 923 1137 965 posteaquam
1152 931 1266 955 verno
1281 920 1450 955 eiusdem

80 974 170 1009 anni
190 980 356 1020 tempore
372 973 602 1009 Octavianus
617 971 758 1008 Caesar
775 982 870 1017 opus
889 970 1052 1006 invidiae
1071 970 1224 1016 plenum
1244 973 1450 1016 aggressus

79 1024 264 1071 promissa
276 1024 464 1060 veteranis
478 1024 526 1059 ad
541 1023 723 1058 Mutinam
742 1022 847 1058 facta
861 1022 1007 1057 solvere
1028 1021 1164 1066 coepit.
1210 1021 1254 1056 Iu
1268 1021 1364 1056 tristi
1377 1021 1450 1057 hac

80 1087 255 1122 agrorum
286 1071 488 1120 divisione,
526 1086 640 1121 quum
664 1072 973 1109 Cremonensium
1003 1072 1084 1118 agri
1115 1083 1191 1107 non
1217 1071 1448 1117 sufficerent,

80 1126 275 1162 Mantuani
300 1126 381 1173 agri
411 1130 518 1172 parte
549 1126 680 1161 addita
705 1125 848 1160 factum
873 1127 949 1169 est,
975 1127 1018 1159 ut
1039 1123 1153 1159 etiam
1173 1123 1364 1169 Vergilius
1392 1123 1450 1158 vel

80 1178 205 1224 potius
218 1181 395 1223 parentes
410 1177 489 1212 eius
498 1177 599 1221 (nam
612 1176 768 1222 grandis
782 1180 873 1211 natu
887 1186 954 1210 eos
967 1174 1138 1210 amisisse
1153 1174 1301 1219 dieitur,
1315 1179 1449 1209 mater—

81 1239 153 1275 que
178 1229 318 1264 alteras
341 1228 494 1274 nuptias
518 1227 633 1263 inisse
659 1227 830 1274 videtur)
854 1226 1091 1273 praediolum
1117 1238 1224 1260 suum
1249 1237 1326 1261 non
1351 1226 1449 1261 adeo

83 1279 206 1315 fertile
219 1279 445 1315 amitterent,
476 1279 634 1314 Romam
647 1289 736 1313 vero
751 1289 867 1324 quum
878 1281 994 1323 poeta
1007 1276 1160 1322 adisset,
1176 1278 1225 1312 ab
1241 1277 1450 1314 Octaviano

82 1330 244 1376 praedii,
271 1330 372 1376 quod
393 1329 547 1365 Clodius
574 1329 725 1376 quidam
745 1340 954 1375 occupasse
975 1328 1129 1373 dicitur,
1154 1328 1452 1364 incolumitatem

82 1381 313 1427 impetravit,
340 1393 415 1427 qua
429 1382 474 1416 de
488 1392 528 1416 re
541 1380 735 1416 blanditur
749 1379 904 1416 Caesari
925 1379 1088 1415 carmine
1100 1380 1143 1424 1.,
1165 1380 1268 1426 quod
1281 1384 1452 1416 secutum

82 1437 143 1468 est
160 1432 294 1467 eodem
307 1443 404 1468 anno
425 1433 485 1467 vel
498 1432 627 1478 paullo
640 1436 728 1478 post
740 1431 787 1467 V.
834 1431 891 1466 Ex
907 1430 1043 1467 ceteris
1063 1431 1208 1477 eelogis
1229 1432 1326 1467 duae
1347 1435 1453 1467 certa

82 1483 260 1528 temporis
283 1494 356 1529 quo
377 1483 540 1528 scriptae
560 1488 648 1518 sunt
665 1483 806 1518 indicia
823 1483 978 1518 habent.
1026 1482 1123 1519 Nam
1143 1482 1244 1518 bello
1264 1482 1452 1517 Perusino

83 1545 210 1569 mense
230 1533 365 1569 Martio
387 1545 419 1569 a.
440 1534 516 1569 714.
542 1534 736 1579 confecto,
762 1533 828 1569 ubi
845 1533 956 1569 Polio
982 1545 1028 1569 ex
1051 1533 1267 1579 provincia,
1294 1545 1391 1579 quae
1418 1534 1453 1569 ei

84 1584 290 1630 obtigerat,
315 1584 468 1631 fugatus
494 1589 569 1629 est,
594 1584 793 1630 Alphenus
820 1585 972 1631 quidam
989 1585 1133 1629 Varus,
1161 1595 1273 1630 quem
1292 1585 1452 1619 eundem

84 1647 167 1670 esse
181 1639 293 1681 atque
303 1634 553 1671 catullianum
561 1637 702 1673 Varum
716 1636 780 1683 (X,
791 1637 822 1670 1.
836 1636 965 1681 XXII,
976 1637 1023 1682 1.)
1038 1636 1296 1681 etAlphenum
1306 1636 1452 1681 (XXX,

85 1687 133 1730 1.)
148 1686 249 1720 haud
268 1685 517 1731 improbabile
536 1686 633 1722 duco
648 1686 750 1734 (nam
765 1687 974 1722 lVeicherti
989 1687 1036 1722 de
1050 1686 1162 1723 Varis
1183 1691 1222 1722 et
1234 1686 1360 1723 Variis
1381 1686 1454 1721 dis-

85 1736 229 1782 putatio
250 1748 328 1771 rem
348 1737 438 1771 satis
452 1737 669 1782 impeditam
683 1737 856 1772 confudit
868 1737 989 1783 magis
1003 1748 1115 1783 quam
1129 1737 1377 1785 enucleavit),
1403 1737 1455 1772 le-

86 1791 197 1832 gatus
210 1788 487 1833 transpadanae
501 1787 718 1834 provinciae
730 1788 947 1834 praefectus
961 1793 1031 1833 est,
1046 1788 1111 1834 qui
1125 1788 1362 1823 adiutoribus
1376 1792 1454 1823 ute-

86 1837 198 1872 batur
215 1837 381 1873 Antonio
394 1838 521 1883 Musa,
548 1849 722 1884 agrorum
743 1839 944 1875 limitatore
964 1839 1257 1885 Mantuanisque
1277 1838 1392 1884 irato,
1418 1843 1456 1874 et

87 1888 262 1924 (ἑὼ-110110
284 1888 416 1934 Gallo,
441 1889 600 1935 Vergilii
626 1889 899 1936 condiscipulo.
947 1890 1045 1925 Tum
1064 1889 1186 1925 eidem
1205 1889 1339 1924 iterum
1363 1900 1456 1935 ager

86 1939 243 1986 ipsaque
256 1951 354 1986 pene
367 1940 445 1975 vita
458 1940 494 1975 vi
505 1940 606 1975 Arrii
621 1941 814 1977 cuiusdam
829 1941 1061 1977 centurionis
1075 1946 1206 1986 erepta
1219 1944 1295 1986 est3
1321 1952 1454 1986 agrum

85 1995 223 2035 tamen,
239 2002 351 2037 quum
358 1991 516 2026 Romam
529 1991 778 2037 confugisset,
792 1992 857 2028 ubi
871 1992 909 2027 in
922 1991 1012 2027 villa
1027 1990 1183 2038 Syronis
1197 1991 1455 2037 praeceptoris

88 2041 146 2075 sui
163 2041 318 2078 latuisse
338 2041 492 2086 dicitur,
519 2042 742 2078 Maecenate
760 2046 803 2077 ut
814 2043 964 2078 videtur
982 2043 1202 2086 adiuvante,
1227 2054 1356 2078 mense
1375 2042 1455 2078 fere

89 2090 243 2126 Octobri
263 2103 295 2127 a.
315 2091 391 2127 714.
410 2093 563 2139 recepit.
617 2093 738 2135 Quam
752 2093 1003 2130 calamitatem
1029 2094 1203 2139 deplorat
1228 2094 1297 2129 ecl.
1319 2093 1454 2138 vnn„

87 2141 189 2177 Varo
204 2142 336 2178 laudes
349 2143 560 2189 pollicitus,
587 2143 619 2178 si
631 2144 743 2179 modo
757 2144 952 2180 Mantuam
972 2149 1151 2180 servaret.
1200 2144 1304 2186 Quas
1319 2143 1458 2179 cecinit

88 2192 228 2229 cel-VI.
242 2193 307 2238 ita,
321 2198 362 2228 ut
375 2194 454 2230 fere
466 2195 566 2230 idem
578 2194 617 2230 in
631 2207 676 2231 eo
691 2199 804 2242 atque
814 2195 984 2231 Catullus
999 2199 1176 2242 expertus
1189 2195 1307 2231 videri
1322 2195 1455 2240 possit,

89 2243 153 2288 qui
177 2243 232 2279 sic
256 2244 423 2290 queritur
441 2257 463 2280 0
492 2245 625 2281 XXX:
649 2247 738 2282 idem
755 2259 850 2282 nunc
866 2248 1012 2282 retrahis
1030 2253 1061 2282 te
1084 2259 1128 2282 ac
1153 2253 1213 2282 tua
1230 2248 1322 2281 <licta
1341 2247 1457 2281 omnia

88 2290 249 2339 factaque
268 2296 390 2331 Ventos
401 2297 503 2331 irrita
520 2298 614 2343 ferre
631 2309 674 2332 ac
691 2297 834 2332 nebulas
847 2299 962 2333 aer-ias
980 2298 1075 2334 sinis.
1121 2297 1258 2333 Paullo
1278 2300 1365 2333 ante
1384 2297 1457 2332 Po-

91 2343 193 2388 lioni‚
207 2344 272 2380 ubi
283 2345 322 2379 in
335 2346 495 2391 gratiam
503 2358 586 2383 eum
593 2347 800 2384 Octaviano
814 2349 938 2393 rediit,
954 2348 1102 2384 consuli
1113 2347 1214 2384 filius
1221 2348 1344 2383 Asinii
1353 2347 1458 2384 Galli

91 2393 241 2430 nomine
247 2396 592 2434 moxinclarescens
598 2403 709 2435 natus
718 2403 788 2445 est,
802 2411 913 2445 quem
919 2400 1112 2446 Vergilius
1121 2401 1191 2436 ecl.
1199 2400 1266 2436 IV.
1274 2402 1457 2445 vergente

91 2455 124 2478 a.
149 2443 226 2479 714.
252 2446 462 2491 composita
486 2448 665 2485 celebrat.
710 2450 792 2486 Eel.
810 2450 914 2487 VIII.
941 2455 1067 2486 autem
1091 2451 1260 2486 eiusdem
1284 2448 1458 2484 Polionis

90 2495 223 2531 laudes
237 2497 433 2532 continens
448 2498 589 2544 scripta
607 2501 658 2535 sit
669 2512 826 2537 necesse
845 2506 904 2537 est
922 2505 1008 2537 ante
1027 2513 1194 2536 mensem
1206 2501 1458 2537 Novembrem

90 2557 124 2580 a.
138 2545 216 2591 714,
235 2558 310 2593 quo
329 2552 497 2594 tempore
510 2550 617 2586 Polio
638 2562 682 2586 ex
702 2551 855 2597 Illyrico
874 2563 1048 2588 reversus
1066 2551 1334 2597 triumphabat.
1383 2551 1460 2587 Ita-

91 2608 164 2642 que
189 2608 303 2643 quum
321 2599 468 2646 reliqua
492 2600 657 2637 carmina
675 2601 715 2636 in
732 2601 773 2636 id
792 2602 895 2649 quod
913 2602 1071 2638 diximus
1096 2601 1276 2648 temporis
1295 2601 1458 2648 spatium

91 2647 320 2686 includenda
338 2662 421 2694 esse
446 2657 550 2687 recte
573 2653 809 2688 censuissent
827 2665 955 2688 omnes
969 2653 1049 2689 fere
1062 2653 1305 2699 interpretes,
1330 2652 1456 2696 iidem,

92 2700 417 2743 grammaticorum
431 2707 596 2738 veterum
618 2703 781 2750 quodam
801 2715 926 2740 errore
941 2704 1108 2750 decepti,
1132 2704 1181 2739 X.
1195 2715 1346 2739 carmen
1358 2703 1457 2738 ultra

91 2749 161 2784 hos
174 2750 351 2787 terminos
370 2753 490 2788 evecti
504 2765 538 2789 a.
552 2755 629 2789 717.
649 2754 948 2803 assignaverunt.
994 2755 1158 2792 Nomina
1176 2754 1274 2790 enim
1287 2753 1457 2801 Cytheri-

92 2800 149 2836 dis
163 2805 200 2837 et
211 2802 410 2850 Lycoridis
425 2816 538 2851 quum
552 2805 662 2852 alibi,
676 2809 754 2841 tum
767 2807 938 2842 hocloco
954 2807 1114 2843 confusa
1127 2811 1215 2842 sunt
1233 2819 1256 2842 a
1274 2816 1457 2853 gramma-
