1780 3074
581 300 840 340 AENEIDOS
858 301 956 338 LIB.
974 302 1024 338 H.
1270 337 1276 340 ,
1404 291 1483 334 121

123 410 204 453 tela
226 423 352 451 manu
375 407 516 449 miseri
538 405 749 448 iactabant
770 406 893 448 inrita
917 405 1082 448 Teucri.

122 472 268 515 turrim
290 471 334 513 in
355 469 571 526 praecipiti
596 474 774 510 stantem
799 468 1055 522 summisque
1080 466 1158 510 sub
1184 473 1295 509 astra

124 534 316 577 eductam
339 531 479 582 tectis,
503 531 615 573 unde
639 530 773 572 omnis
798 530 926 572 Troia
949 530 1081 572 videri

123 604 164 638 et
186 595 386 638 Danaum
410 593 555 636 solitae
577 607 706 635 naves
731 598 774 635 et
794 591 960 634 Achaia
985 598 1133 643 castra,

122 657 312 715 adgressi
335 657 444 698 ferro
469 655 643 706 circum,
668 669 752 709 qua
775 669 939 697 summa
960 654 1140 697 labantis

122 719 333 762 iuncturas
358 717 543 759 tabulata
565 716 738 767 dabant,
764 716 1035 758 convellimus
1059 716 1153 758 altis

124 780 312 830 sedibus,
338 779 647 835 inpulimusque
655 794 667 829 3
692 792 742 820 ea
764 777 884 833 lapsa
905 784 1076 833 repente
1099 778 1262 819 ruinam

124 858 220 886 cum
244 842 382 885 sonitu
405 841 529 882 trahit
552 846 594 882 et
614 839 815 882 Danaum
840 854 966 895 super
988 840 1156 896 agmina
1179 839 1262 881 late

123 904 278 947 incidit.
303 911 368 945 ast
391 902 461 945 alii
484 901 681 952 subeunt,
706 916 784 943 nec
809 917 929 952 saxa,
954 916 1033 943 nec
1058 901 1189 943 ullum

123 966 300 1009 telorum
321 964 478 1007 interea
500 969 638 1006 cessat
659 978 806 1020 genus.

180 1026 448 1070 Vestibulum
471 1031 567 1068 ante
589 1026 729 1081 ipsum
752 1025 970 1081 primoque
993 1025 1038 1066 in
1061 1025 1202 1067 limine
1226 1025 1415 1081 Pyrrhus

124 1089 320 1139 exsultat,
345 1087 438 1130 telis
463 1094 505 1130 et
526 1087 619 1130 luce
643 1102 840 1130 coruscus
865 1102 988 1138 aena3

123 1151 256 1206 qualis
280 1149 354 1192 ubi
376 1150 421 1191 in
442 1149 580 1192 lucem
603 1148 773 1191 coluber
795 1149 906 1191 mala
928 1149 1118 1206 gramina
1140 1155 1299 1205 pastus,

123 1212 276 1270 frigida
299 1211 377 1254 sub
402 1218 511 1254 terra
533 1211 739 1253 tumidum
767 1225 892 1266 quem
915 1211 1064 1254 bruma
1087 1211 1268 1268 tegebat,

124 1289 253 1326 nunc,
278 1273 423 1330 positis
446 1288 581 1316 novus
606 1273 767 1316 exuviis
790 1274 1029 1328 nitidusque
1053 1274 1233 1324 iuventa,

125 1336 284 1379 lubrica
308 1335 516 1378 convolvit
540 1334 704 1377 sublato
727 1342 895 1391 pectore
920 1342 1038 1392 terga

126 1398 281 1441 arduus
306 1397 361 1439 ad
385 1397 515 1439 solem
539 1403 580 1439 et
602 1397 756 1452 linguis
779 1397 907 1439 micat
930 1412 999 1439 ore
1024 1397 1217 1440 trisulcis.

120 1476 210 1503 una
231 1460 379 1516 ingens
403 1458 606 1514 Periphas
632 1464 674 1500 et
703 1472 903 1512 equorum
926 1459 1104 1514 agitator
1126 1458 1320 1509 Achillis,

126 1523 305 1579 armiger
328 1521 616 1572 Automedon,
641 1536 725 1563 una
748 1521 882 1563 omnis
910 1519 1058 1576 Scyria
1081 1521 1214 1576 pubes

127 1584 356 1627 succedunt
379 1589 488 1626 tecto
513 1589 554 1626 et
577 1583 766 1625 flammas
791 1583 846 1625 ad
869 1582 1051 1624 culmina
1074 1583 1240 1624 iactant.

125 1646 216 1702 ipse
239 1646 346 1688 inter
368 1646 524 1702 primos
549 1651 737 1700 correpta
761 1645 865 1686 dura
888 1644 1057 1700 bipenni

125 1707 268 1750 limina
291 1707 519 1763 perrumpit
541 1713 766 1763 postesque
790 1722 816 1748 a
839 1707 1006 1748 cardine
1030 1706 1146 1748 vellit

127 1776 308 1821 aeratos3
332 1770 498 1824 iamque
523 1769 665 1811 excisa
688 1768 804 1811 trabe
829 1768 948 1810 firma
972 1769 1136 1810 cavavit

126 1832 277 1874 robora
306 1838 348 1874 et
370 1832 582 1888 ingentem
603 1831 688 1873 lato
713 1831 826 1872 dedit
850 1846 921 1873 ore
945 1830 1184 1872 fenestram.

128 1894 299 1950 adparet
321 1894 470 1936 domus
494 1894 605 1936 intus
631 1899 672 1935 et
694 1894 798 1935 atria
820 1893 948 1950 longa
970 1899 1208 1949 patescunt3

128 1957 326 2012 adparent
348 1955 506 1998 Priami
529 1962 571 1998 et
592 1962 780 1998 veterum
802 1956 1029 2012 penetralia
1051 1970 1212 2012 regum,

129 2025 393 2074 armatosque
415 2019 558 2060 vident
582 2024 737 2061 stantes
761 2018 805 2060 in
828 2018 969 2060 limine
993 2018 1139 2074 primo.

183 2079 246 2122 At
268 2081 415 2123 domus
440 2081 608 2123 interior
630 2080 789 2138 gemitu
812 2080 1046 2134 miseroque
1070 2079 1250 2122 tumultu

129 2141 342 2193 miscetur,
366 2143 614 2198 penitusque
639 2157 765 2184 cavae
788 2142 1060 2199 plangoribus
1086 2142 1210 2184 aedes

129 2203 320 2246 femineis
343 2204 521 2255 ululant3
545 2204 642 2245 ferit
665 2219 790 2246 aurea
814 2204 950 2246 sidera
974 2204 1141 2246 clamor.

131 2273 220 2306 tum
242 2265 417 2320 pavidae
440 2266 559 2307 tec-tis
582 2271 734 2307 matres
758 2265 996 2322 ingentibus
1021 2272 1170 2316 errant,

133 2325 430 2381 amplexaeque
453 2332 595 2368 tenent
616 2332 759 2381 postes
783 2333 908 2380 atque
933 2327 1075 2370 oscula
1097 2327 1244 2382 figunt.

134 2388 260 2428 instat
282 2387 324 2428 vi
347 2387 480 2442 patria
502 2386 689 2442 Pyrrhus
697 2403 709 2438 3
733 2402 810 2429 nce
835 2388 1033 2438 claustra,
1057 2402 1193 2442 neque
1216 2388 1299 2442 ipsi

134 2448 327 2490 custodes
353 2448 524 2490 sufferre
547 2448 703 2499 valent3
726 2448 840 2490 labat
863 2449 989 2490 ariete
1013 2449 1156 2490 crebro

133 2511 257 2553 ianua
281 2517 322 2552 et
345 2510 470 2552 emoti
493 2509 772 2566 procumbunt
795 2510 960 2551 cardine
983 2516 1138 2565 postes.

133 2572 180 2614 fit
202 2572 272 2614 via
294 2572 355 2623 vi;
378 2578 575 2628 rumpunt
599 2572 755 2622 aditus,
780 2571 1019 2626 primosque
1042 2571 1248 2613 trucidant

134 2634 295 2676 inmissi
317 2634 459 2676 Danai
483 2640 524 2676 et
546 2634 628 2675 late
651 2633 743 2675 loca
766 2633 895 2674 milite
919 2633 1123 2688 conplent.

135 2710 218 2738 non
242 2695 319 2746 sic,
345 2695 568 2752 aggeribus
592 2695 724 2750 ruptis
750 2709 845 2736 cum
868 2709 1066 2750 spumeus
1091 2695 1223 2737 amnis

136 2757 221 2798 exit
244 2758 538 2813 oppositasque
564 2757 684 2800 evicit
709 2757 873 2813 gurgite
898 2757 1041 2808 moles,

1511 541 1580 572 460

1514 853 1581 884 465

1515 1164 1582 1194 470

1516 1474 1582 1504 475

1519 1782 1585 1813 480

1519 2091 1586 2123 485

1520 2399 1586 2430 490

1520 2708 1586 2740 495
