1780 3074
512 331 810 372 GEORGIGON
827 332 926 369 LIB.
944 333 1014 368 111.
1384 322 1436 363 57

77 440 189 496 inpia
213 454 339 494 quam
362 439 495 481 caesis
520 453 624 495 gens
650 444 714 481 est
737 437 905 494 epulata
926 436 1127 487 iuvencis,

78 517 226 546 aureus
250 502 358 544 hanc
380 501 509 543 vitam
531 501 576 542 in
599 501 717 543 terris
744 499 950 543 Saturnus
975 498 1144 556 agebat3

77 565 254 607 necdum
279 564 403 606 etiam
427 563 642 605 audierant
663 562 798 604 inflari
822 561 1014 612 classica,
1038 561 1218 603 necdum

77 627 278 683 inpositos
303 626 417 669 duris
442 626 643 682 crepitare
666 623 887 667 incudibus
913 638 1048 666 enses.
1467 634 1532 666 540

137 688 224 732 Sed
246 704 324 731 nos
347 689 583 730 inmensum
608 687 752 743 spatiis
777 685 1032 729 confecimus
1057 700 1224 740 aequor,

80 759 117 794 et
143 748 226 794 iam
249 758 414 807 tempus
439 765 592 806 equum
616 749 819 791 fumantia
843 748 1003 791 solvere
1027 748 1145 790 colla.

453 1031 1074 1085 GEORGIOON

570 1188 832 1226 LIBER
878 1188 956 1226 ΙΠ.

138 1304 202 1347 Te
225 1318 410 1359 quoque,
434 1318 589 1360 magna
610 1303 756 1355 Pales,
782 1310 824 1346 et
847 1310 888 1346 te
911 1303 1178 1345 memorande
1203 1317 1400 1345 canemus

82 1374 221 1424 pastor
244 1367 296 1410 ab
320 1366 582 1422 Amphryso,
606 1381 703 1417 vos,
730 1366 859 1409 silvae
884 1380 1111 1437 amnesque
1134 1366 1309 1421 Lycaei.

82 1436 236 1480 cetera,
261 1443 368 1484 quae
391 1443 547 1470 vacuas
571 1429 804 1470 tenuissent
827 1429 1011 1470 carmina
1033 1434 1207 1478 mentes,

83 1492 220 1535 omnia
242 1492 325 1533 iam
349 1491 534 1546 volgata:
559 1490 652 1545 quis
677 1497 749 1532 aut
770 1490 1011 1546 Eurysthea
1034 1491 1196 1540 durum,

82 1562 152 1596 aut
177 1553 375 1595 inlaudati
397 1552 531 1594 nescit
554 1552 760 1594 Busiridis
785 1552 904 1594 aras?
1475 1566 1493 1594 5

83 1617 148 1658 eui
173 1631 256 1657 non
279 1615 414 1657 dictus
438 1614 576 1670 Hylas
600 1630 705 1671 puer
729 1621 769 1656 et
793 1614 975 1656 Latonia
997 1614 1146 1664 Delos,

82 1678 433 1734 Hippodameque
456 1677 712 1731 humeroque
737 1676 892 1732 Pelops
915 1676 1092 1732 insignis
1117 1675 1288 1726 eburno,

84 1756 178 1783 acer
202 1740 345 1794 equis?
368 1740 609 1795 temptanda
631 1740 700 1781 via
724 1745 807 1790 est,
833 1753 918 1793 qua
940 1753 1008 1780 me
1032 1753 1198 1793 quoque
1222 1739 1381 1794 possim

84 1802 225 1844 tollere
248 1802 376 1843 humo
400 1802 613 1856 victorque
636 1802 773 1843 virum
796 1801 968 1844 volitare
991 1816 1067 1856 per
1091 1816 1174 1843 ora.

85 1864 241 1920 primus
266 1878 346 1920 ego
370 1863 415 1905 in
436 1864 615 1919 patriam
638 1878 822 1914 mecum,
847 1863 972 1905 modo
996 1863 1082 1904 vita
1107 1862 1298 1918 supersit,
1478 1876 1518 1906 10

84 1926 222 1968 Aonio
244 1926 409 1968 rediens
434 1926 637 1968 deducam
660 1926 814 1968 vertice
836 1925 1001 1967 Musas.

84 1989 241 2045 primus
265 1988 486 2030 Idumaeas
510 1988 688 2030 referam
711 1988 805 2039 tibi,
830 1987 1026 2038 Mantua,
1051 1987 1226 2043 palmas,

86 2057 126 2092 et
148 2051 270 2092 viridi
291 2051 337 2092 in
359 2065 507 2107 campo
530 2051 731 2107 templum
755 2051 807 2093 de
830 2065 1035 2093 marmore
1058 2065 1212 2106 ponam

85 2120 251 2170 propter
273 2128 443 2169 aquam,
469 2114 596 2156 tardis
619 2114 768 2171 ingens
793 2114 866 2157 ubi
888 2113 1067 2156 flexibus
1092 2122 1201 2155 errat

85 2176 268 2218 Mincius
294 2182 336 2218 et
359 2182 502 2219 tenera
524 2177 729 2232 praetexit
752 2177 953 2219 arundine
976 2177 1102 2232 ripas.
1479 2189 1519 2218 15

85 2239 129 2280 in
151 2238 288 2281 medio
311 2238 413 2280 mihi
438 2238 597 2281 Caesar
620 2239 695 2281 erit
718 2239 1003 2295 templumque
1027 2238 1195 2281 tenebit.

87 2301 146 2342 illi
168 2300 300 2342 victor
322 2315 400 2357 ego
425 2307 466 2342 et
490 2301 618 2357 Tyrio
642 2308 890 2357 conspectus
913 2302 958 2343 in
981 2307 1093 2344 ostro

88 2368 254 2405 centum
277 2363 544 2419 quadriiugos
569 2363 735 2420 agitabo
760 2364 814 2406 ad
836 2364 1008 2406 flumina
1031 2378 1188 2405 currus.

89 2430 238 2467 cuncta
259 2424 379 2475 mihi,
404 2423 618 2480 Alpheum
640 2426 832 2479 linquens
855 2426 1056 2479 lucosque
1079 2425 1300 2475 Molorchi,

89 2486 279 2530 cursibus
304 2493 344 2529 et
369 2487 496 2529 crudo
520 2487 713 2529 decernet
738 2485 917 2530 Graecia
940 2493 1094 2529 caestu.
1478 2497 1521 2528 20

88 2549 179 2605 ipse
202 2555 327 2605 caput
350 2554 495 2591 tonsae
519 2548 629 2591 foliis
655 2554 823 2590 ornatus
848 2548 982 2590 olivae

91 2611 200 2654 dona
221 2611 365 2653 feram.
390 2611 474 2653 iam
496 2625 606 2652 nunc
631 2611 841 2653 sollemnis
866 2610 1017 2652 ducere
1040 2625 1216 2666 pompas

92 2673 146 2715 ad
168 2673 340 2716 delubra
362 2673 495 2724 iuvat,
521 2688 746 2727 caesosque
771 2673 912 2715 videre
935 2673 1152 2724 iuvenc0s3

92 2734 159 2776 vel
183 2750 333 2778 scaena
355 2742 402 2777 ut
425 2736 556 2778 versis
581 2736 768 2778 discedat
792 2734 1017 2786 frontibus,
1043 2741 1171 2790 utque

94 2811 299 2852 purpurea
320 2798 466 2840 intexti
490 2798 635 2840 tollant
659 2797 803 2840 aulaea
827 2797 1027 2840 Britanni.
1479 2808 1521 2839 ‘25
