1800 3106
594 286 853 326 AENEIDOS
871 287 970 323 LIB.
990 288 1039 324 X.

550 674 1090 729 AENEIDOS

639 880 903 919 LIBER
947 880 1003 918 X.

186 1015 391 1058 Panditur
413 1015 571 1056 interea
593 1013 744 1055 domus
767 1012 1062 1069 omnipotentis
1089 1011 1277 1068 Olympi,

130 1077 432 1132 conciliumque
455 1081 579 1118 vocat
601 1075 743 1117 divom
765 1080 885 1130 pater
907 1080 1032 1129 atque
1055 1074 1272 1117 hominum
1294 1089 1370 1117 rex

131 1140 335 1183 sideream
357 1139 402 1180 in
425 1138 587 1188 sedem,
612 1143 742 1179 terras
766 1136 878 1179 unde
902 1136 1056 1178 arduus
1082 1151 1226 1179 omnes

131 1208 348 1257 castraque
370 1200 664 1243 Dardanidum
686 1199 903 1255 adspectat
924 1199 1186 1255 populosque
1209 1199 1403 1242 Latinos.

132 1264 352 1308 considunt
374 1263 495 1305 tectis
518 1261 823 1318 bipatentibus3
848 1261 995 1317 incipit
1017 1261 1129 1317 ipse:

134 1325 380 1379 „caelicolae
403 1325 564 1381 magni,
590 1324 787 1379 quianam
811 1323 1017 1365 sententia
1038 1323 1159 1366 vobis

132 1403 254 1430 versa
275 1393 404 1437 retro,
429 1392 674 1440 tantumque
697 1385 846 1427 animis
872 1385 1038 1427 certatis
1062 1385 1242 1440 iniquis?

132 1450 359 1494 abnueram
382 1448 492 1491 bello
515 1447 681 1489 Italiam
705 1461 949 1489 concurrere
973 1446 1160 1489 Teucris.

132 1527 239 1569 quae
263 1517 406 1554 contra
428 1510 604 1553 vetitum
627 1509 859 1551 discordia?
882 1508 975 1563 quis
998 1515 1135 1552 metus
1160 1515 1231 1551 aut
1254 1509 1332 1552 hos

133 1581 205 1618 aut
226 1574 304 1616 hos
329 1588 446 1615 arma
468 1572 587 1627 sequi
610 1572 848 1626 ferrumque
871 1571 1078 1614 lacessere
1103 1572 1260 1614 suasit?

133 1636 325 1680 adveniet
348 1636 504 1678 iustum
526 1649 713 1691 pugnae,
738 1648 792 1676 ne
816 1633 1031 1684 arcessite,
1056 1636 1234 1690 tempus,

133 1714 230 1742 cum
253 1699 343 1742 fera
364 1698 585 1754 Karthago
608 1696 810 1739 Romanis
835 1695 999 1738 arcibus
1025 1696 1124 1738 olim

134 1761 306 1804 exitium
328 1775 530 1817 magnum
553 1765 677 1813 atque
700 1758 836 1814 Alpes
859 1758 1039 1800 inmittet
1063 1764 1247 1814 apertas:

134 1830 224 1865 tum
247 1828 402 1865 certare
426 1822 551 1872 odiis,
577 1827 666 1862 tum
688 1835 755 1863 res
778 1820 968 1876 rapuisse
991 1821 1144 1863 licebit.

133 1900 245 1927 nunc
269 1885 389 1927 sinite
414 1890 455 1926 et
476 1883 677 1940 placitum
699 1883 798 1925 laeti
821 1883 1042 1938 conponite
1065 1883 1256 1925 foedus.“

191 1947 379 2003 Iuppiter
401 1946 506 1988 haec
527 1945 693 2002 paucis,
719 1951 762 1987 at
784 1960 869 1987 non
892 1944 1039 1987 Venus
1063 1959 1190 1987 aurea
1214 1950 1358 1987 contra

134 2024 270 2067 pauca
292 2008 438 2050 refert:

137 2086 189 2124 „0
211 2077 346 2128 pater,
371 2086 397 2113 o
419 2070 636 2113 hominum
658 2084 880 2124 rerumque
904 2075 1072 2112 aeterna
1093 2068 1298 2126 potestas!

135 2147 314 2188 namque
338 2133 450 2175 aliud
473 2133 574 2187 quid
599 2133 671 2183 sit,
696 2133 810 2187 quod
832 2133 918 2174 iam
938 2132 1144 2188 inplorare
1169 2131 1399 2186 queamus?

137 2197 289 2246 cernis,
312 2201 360 2237 ut
381 2195 582 2237 insultent
603 2194 767 2245 Rutuli,
794 2194 1046 2249 Turnusque
1069 2194 1228 2235 feratur

136 2272 211 2314 per
233 2257 392 2299 medios
415 2256 592 2312 insignis
617 2256 736 2310 equis
759 2256 1027 2311 tumidusque
1053 2255 1238 2297 secundo

137 2319 277 2361 Marte
299 2318 418 2360 ruat?
439 2333 524 2360 non
548 2318 691 2359 clausa
714 2323 861 2373 tegunt
883 2318 968 2359 iam
990 2317 1155 2359 moenia
1178 2316 1385 2358 Teucros:

139 2380 241 2436 quin
263 2380 370 2421 intra
392 2385 534 2435 portas
558 2385 682 2432 atque
704 2378 808 2433 ipsis
832 2378 990 2433 proelia
1011 2378 1190 2419 miscent

140 2441 364 2499 aggeribus
388 2454 601 2482 murorum
625 2446 667 2481 et
689 2440 893 2481 inundant
917 2440 1120 2495 sanguine
1144 2439 1295 2483 fossas.

140 2503 310 2546 Aeneas
333 2503 504 2559 ignarus
530 2501 661 2544 abest.
685 2515 968 2555 numquamne
991 2501 1121 2543 levari

141 2565 357 2608 obsidione
381 2564 519 2607 sines?
540 2563 670 2605 muris
694 2562 845 2605 iterum
865 2562 1041 2604 inminet
1063 2562 1194 2605 hostis

141 2627 349 2670 nascentis
375 2626 544 2676 Troiae,
568 2639 647 2667 nec
668 2639 752 2667 non
776 2624 980 2666 exercitus
1006 2624 1120 2675 alter,

143 2694 267 2744 atque
288 2689 438 2731 itermn
460 2688 505 2730 in
529 2687 716 2729 Teucros
739 2685 904 2729 Aetolis
929 2692 1072 2743 surget
1094 2685 1148 2728 ab
1171 2685 1301 2742 Arpis

143 2749 343 2806 Tydides.
369 2750 580 2806 equidem,
606 2748 748 2800 credo,
772 2763 867 2791 mea
889 2748 1058 2791 volnera
1080 2754 1250 2798 restant,

1196 2818 1278 2856 18*

1413 275 1499 320 275

1532 1587 1573 1616 10

1532 1897 1574 1927 15

1531 2206 1575 2236 20

1531 2513 1575 2544 25
