1794 3048
381 312 459 356 1'36
777 324 818 357 P.
838 322 1068 358 VERGILH
1085 321 1309 359 MARONIS

290 437 354 468 225
379 431 420 465 at
444 423 600 465 subitae
623 422 808 464 horrifico
831 422 951 477 lapsu
974 423 1025 463 de
1047 422 1251 465 montibus
1276 424 1422 466 adsunt

377 484 587 538 Harpyiae
611 490 651 524 et
674 484 834 538 magnis
859 484 1046 537 quatiunt
1069 484 1327 539 clangoribus
1351 486 1449 535 alas,

378 546 650 600 diripiuntque
674 545 799 599 dapes
824 550 1092 599 contactuque
1116 546 1251 587 omnia
1274 546 1441 588 foedant

375 606 590 656 inmund03
615 612 702 646 tum
725 621 807 647 vox
829 611 1003 647 taetrum
1026 606 1112 647 dira
1134 607 1238 648 inter
1261 607 1438 649 odorem.

375 682 537 709 rursum
559 667 602 707 in
626 681 791 708 secessu
813 666 936 722 longo
961 666 1037 709 sub
1060 681 1161 722 rupe
1185 676 1339 718 cavata,

289 741 353 771 230
377 726 588 769 arboribus
613 727 740 768 clausi
763 727 915 768 circum
938 733 1059 781 atque
1081 728 1337 770 horrentibus
1361 729 1527 778 umbris,

375 788 612 829 instruimus
636 802 799 830 mensas
823 788 983 842 arisque
1006 789 1238 843 reponimus
1262 790 1399 845 ignem
1407 806 1418 840 3

375 864 538 890 rursum
562 863 613 890 ex
636 849 797 890 diverso
821 849 922 890 caeli
946 850 1158 903 caecisque
1180 850 1345 892 latebris

378 910 498 951 turba
522 924 671 951 sonans
694 910 888 964 praedam
910 911 1084 966 pedibus
1109 912 1371 953 circumvolat
1393 913 1522 962 uncis,

376 971 521 1026 polluit
544 985 612 1012 ore
637 970 776 1025 dapes.
802 971 923 1012 sociis
948 977 1044 1013 tunc
1068 987 1180 1013 arma
1203 979 1418 1027 capessant

289 1045 354 1075 235
379 1032 494 1073 edico
518 1037 558 1072 et
581 1031 668 1072 dira
691 1030 843 1072 bellum
867 1046 960 1072 cum
983 1038 1104 1087 gente
1127 1034 1363 1088 gerendum.

376 1092 488 1133 haud
511 1106 628 1133 secus
653 1106 700 1133 ac
723 1092 825 1133 iussi
849 1092 1020 1142 faciunt,
1046 1099 1254 1146 tectosque
1276 1108 1350 1148 per
1372 1093 1540 1134 herbam

378 1153 597 1207 disponunt
620 1167 739 1194 enses
764 1158 804 1193 et
828 1158 943 1193 scuta
964 1152 1131 1193 latentia
1154 1154 1344 1195 condunt.

378 1228 475 1268 ergo
499 1208 574 1254 ubi'
593 1213 783 1267 delapsae
808 1213 984 1254 sonitum
1006 1227 1080 1267 per
1103 1227 1227 1255 curva
1250 1214 1396 1255 dedere

377 1275 512 1323 litora,
538 1274 608 1315 dat
632 1274 796 1329 signum
820 1273 986 1328 specula
1008 1273 1198 1315 Misenus
1223 1274 1274 1315 ab
1299 1275 1380 1315 alta

290 1349 354 1379 240
378 1349 470 1376 aere
493 1349 606 1376 cavo.
631 1334 827 1375 invadunt
852 1334 951 1375 socii
974 1339 1015 1374 et
1037 1348 1143 1375 nova
1165 1334 1318 1388 proelia
1342 1340 1550 1389 temptant,

378 1395 575 1436 obscenas
599 1395 735 1449 pelagi
758 1394 865 1435 ferro
888 1393 1053 1435 foedare
1077 1394 1274 1436 volucres.

379 1456 452 1497 scd
474 1469 606 1508 neque
629 1455 714 1495 vim
736 1454 886 1510 plumis
909 1454 1034 1495 ullam
1057 1469 1133 1496 nec
1156 1455 1322 1496 volnera
1345 1461 1459 1511 tergo

378 1515 599 1570 accipiunt,
625 1515 826 1568 celerique
849 1515 951 1571 suga
975 1515 1051 1557 sub
1076 1516 1209 1557 sidera
1231 1516 1370 1570 lapsae

379 1590 580 1617 semesam
601 1576 795 1630 praedam
819 1581 859 1617 et
880 1576 1054 1631 vestigia
1076 1576 1197 1617 foeda
1219 1576 1463 1630 relinquunt.

291 1652 352 1680 245
376 1653 460 1679 una
483 1638 526 1678 in
546 1638 756 1693 praecelsa
779 1638 962 1679 consedit
984 1652 1084 1693 rupe
1109 1637 1301 1687 Celaeno,

378 1699 521 1740 infelix
545 1704 676 1749 vates,
702 1699 932 1754 rumpitque
956 1698 1060 1740 hanc
1083 1705 1246 1753 pectore
1270 1713 1431 1741 vocem:

381 1760 560 1809 „bellum
584 1759 705 1801 etiam
728 1774 803 1814 pro
827 1760 951 1802 caede
974 1759 1100 1801 boum
1125 1760 1340 1813 stratisque
1362 1759 1557 1809 iuvencis,

378 1820 774 1870 Laomedontiadae,
799 1819 1002 1861 bellumne
1026 1820 1174 1861 inferre
1196 1821 1348 1875 paratis

379 1887 419 1920 ct
440 1880 571 1935 patrio
594 1880 803 1934 Harpyias
826 1881 1007 1922 insontes
1031 1881 1181 1935 pellere
1203 1881 1355 1936 regno?

290 1953 354 1983 250
379 1941 548 1995 accipite
573 1955 670 1995 ergo
695 1941 838 1982 animis
863 1947 984 1994 atque
1007 1941 1108 1983 haec
1131 1956 1223 1984 mea
1245 1942 1357 1996 figite
1381 1942 1500 1982 dicta.

378 2016 483 2054 quae
506 2001 676 2043 Phoebo
699 2007 814 2055 pater
837 2002 1112 2056 omnipotens,
1142 2002 1242 2043 mihi
1264 2002 1458 2043 Phoebus
1483 2001 1635 2056 Apollo

377 2062 594 2116 praedixit,
620 2061 735 2103 vobis
758 2062 974 2103 Furiarum
998 2076 1075 2117 ego
1098 2063 1277 2103 maxima
1298 2063 1445 2117 pando·

378 2122 540 2163 Italiam
564 2137 686 2163 cursu
707 2123 864 2177 petitis,
889 2123 1102 2176 ventisque
1126 2123 1279 2164 vocatis

378 2183 488 2225 ibitis
510 2183 690 2233 Italiam,
714 2189 937 2238 portusque
960 2184 1108 2225 intrare
1131 2184 1286 2234 licebit3

291 2257 354 2287 255
379 2243 452 2285 sed
474 2258 556 2285 non
579 2250 671 2285 ante
695 2244 832 2285 datam
855 2244 1025 2299 cingetis
1049 2244 1262 2286 moenibus
1287 2244 1440 2294 urbem,

378 2319 502 2358 quam
525 2319 599 2346 vos
624 2305 711 2346 dira
734 2305 864 2346 fames
888 2311 1130 2359 nostraeque
1153 2306 1298 2346 iniuria
1322 2306 1456 2346 caedis

378 2364 566 2406 ambesas
593 2365 757 2420 subigat
779 2366 896 2407 malis
921 2365 1135 2408 absumere
1159 2369 1361 2408 mensas.“

379 2426 482 2466 dixit
504 2431 544 2466 et
566 2426 608 2466 in
632 2426 775 2467 silvam
799 2427 942 2481 pennis
967 2427 1103 2468 ablata
1124 2427 1288 2482 refugit.

379 2493 421 2527 at
445 2487 564 2528 sociis
590 2486 724 2528 subita
745 2487 905 2542 gelidus
929 2488 1143 2530 formidine
1167 2488 1334 2543 sanguis

291 2560 356 2590 260
378 2547 571 2603 deriguit3
596 2547 777 2589 cecidere
800 2549 942 2598 animi,
967 2563 1043 2590 nec
1065 2549 1147 2590 iam
1171 2549 1344 2603 amplius
1368 2548 1503 2596 armis,

379 2608 452 2648 sed
476 2608 580 2650 votis
603 2607 874 2662 precibusque
897 2609 1039 2651 iubent
1062 2623 1280 2664 exposcere
1303 2622 1459 2662 pacem,

380 2668 465 2709 sive
489 2669 589 2710 deae
614 2683 687 2710 seu
711 2668 792 2711 sint
815 2670 925 2711 dirae
949 2669 1231 2723 obscenaeque
1253 2669 1451 2710 volucres.

379 2734 418 2768 ct
440 2734 556 2782 pater
578 2728 782 2771 Anchises
806 2731 939 2784 passis
963 2731 1014 2772 de
1037 2731 1152 2772 litore
1175 2730 1320 2784 palmis
