1780 3074
522 303 780 342 AENEIDOS
800 305 897 341 LIB.
918 306 986 341 111.
1230 299 1236 302 ’
1356 299 1435 340 131

74 407 260 451 membra
281 409 432 463 quatit,
456 408 702 465 gelidusque
727 408 809 451 coit
831 409 1051 451 formidine
1076 410 1260 467 sanguis.

73 486 216 513 rursus
242 476 283 513 et
306 470 476 512 alterius
500 470 658 512 lentum
682 471 914 514 convellere
937 472 1076 514 vimen

72 533 268 588 insequor
291 540 332 574 et
355 547 526 574 caussas
550 533 715 588 penitus
741 539 942 590 temptare
965 534 1148 578 latentis:

73 602 161 637 ater
183 601 225 637 et
247 595 415 637 alterius
442 594 628 649 sequitur
651 595 703 636 de
727 596 878 638 cortice
904 597 1086 653 sanguis.

72 657 202 699 multa
224 671 396 699 movens
421 656 559 698 animo
581 656 797 712 Nymphas
822 658 1050 701 venerabar
1073 660 1249 716 agrestis

74 716 387 773 Gradivumque
410 724 588 774 patrem,
615 717 774 761 Geticis
799 720 870 774 qui
893 721 1102 775 praesidet
1125 722 1248 772 arvis,

71 780 147 822 rite
173 780 446 823 secundarent
467 780 583 821 visus
608 794 812 834 omenque
836 781 1032 823 levarent.

71 842 191 884 tertia
214 842 288 883 sed
310 847 531 897 postquam
554 842 709 883 maiore
733 842 899 884 hastilia
922 844 1017 885 nisu

71 904 290 961 adgredior
310 903 569 960 genibusque
593 904 793 946 adversae
817 904 1006 947 obluctor
1029 921 1178 948 arenae
1204 932 1258 937 —

71 966 257 1020 eloquar,
282 980 335 1008 an
359 965 528 1007 sileam?
551 990 607 996 —-
629 966 811 1022 gemitus
835 966 1102 1009 lacrimabilis
1127 969 1211 1010 imo

70 1027 235 1069 auditur
257 1026 434 1077 tumulo,
459 1031 500 1068 et
523 1042 606 1069 vox
628 1028 788 1069 reddita
811 1027 943 1070 fertur
965 1029 1020 1071 ad
1043 1044 1184 1072 aures:

71 1089 197 1144 „quid
219 1088 437 1138 miserum,
462 1087 629 1139 Aenea,
654 1089 839 1132 laceras?
861 1090 944 1132 iam
966 1106 1091 1147 parce
1116 1093 1298 1148 sepult03

67 1165 190 1207 parce
211 1150 302 1206 pias
327 1151 527 1192 scelerare
551 1166 712 1193 manus.
738 1167 821 1194 non
845 1167 912 1194 me
936 1153 1011 1195 tibi
1036 1154 1162 1196 Troia

68 1219 282 1255 externum
306 1212 416 1262 tulit,
442 1219 514 1254 aut
537 1228 657 1255 cruor
679 1214 748 1256 hic
772 1215 824 1256 de
849 1215 988 1271 stipite
1012 1223 1165 1258 manat.

67 1275 167 1317 heul
192 1275 293 1331 fuge
318 1275 504 1317 crudeles
529 1281 677 1327 terras,
702 1276 803 1333 fuge
825 1277 924 1319 litus
950 1293 1141 1320 avarum:

67 1353 164 1379 nam
186 1336 421 1392 Polydorus
445 1352 536 1393 ego.
562 1337 630 1380 hic
654 1339 865 1381 confixum
888 1339 1024 1382 ferrea
1047 1341 1150 1389 texit

68 1399 243 1441 telorum
269 1413 390 1455 seges
415 1405 456 1440 et
478 1399 623 1441 iaculis
646 1400 820 1442 increvit
843 1402 1017 1444 acutis.“

67 1467 155 1502 tum
178 1475 277 1503 vero
302 1460 470 1516 ancipiti
493 1467 674 1503 mentem
696 1461 916 1505 formidine
940 1478 1110 1519 pressus
1167 1470 1174 1478 ⁴

67 1522 281 1578 obstupui,
308 1529 590 1577 steteruntque
617 1538 760 1566 comae
785 1530 826 1566 et
848 1539 932 1567 vox
955 1525 1147 1568 faucibus
1172 1526 1318 1577 haesit.

122 1585 251 1627 Hunc
273 1584 531 1640 Polydorum
555 1586 644 1627 auri
668 1587 879 1640 quondam
903 1602 998 1629 cum
1021 1589 1204 1643 pondere
1228 1605 1381 1645 magno

66 1646 210 1688 infelix
233 1646 426 1689 Priamus
450 1647 593 1688 furtim
617 1649 833 1690 mandarat
856 1649 1053 1691 alendum

67 1708 259 1751 Threicio
282 1709 391 1765 regi,
417 1724 512 1751 cum
535 1709 619 1751 iam
643 1710 851 1753 diffideret
874 1712 999 1754 armis

66 1769 305 1812 Dardaniae
330 1771 524 1827 cingique
547 1771 694 1814 urbem
718 1772 934 1815 obsidione
958 1774 1129 1816 videret.

66 1833 153 1883 ille,
178 1838 224 1874 ut
248 1847 348 1888 opes
372 1833 527 1875 fractae
553 1834 761 1876 Teucrum
786 1841 827 1876 et
849 1835 1018 1877 fortuna
1039 1837 1224 1887 recessit,

66 1908 132 1936 res
156 1892 512 1950 Agamemnonias
538 1896 802 1950 victriciaque
826 1912 942 1938 arma
966 1904 1134 1939 secutus

66 1956 131 1998 fas
155 1971 277 1998 omne
301 1957 508 2013 abrumpit
515 1974 527 2008 ;
551 1957 808 2013 Polydorum
833 1958 1053 2001 obtruncat
1076 1967 1116 2002 et
1141 1976 1241 2002 auro

66 2018 108 2059 vi
130 2019 296 2073 potitur.
323 2019 423 2072 quid
446 2034 530 2061 non
553 2020 744 2062 mortalia
765 2026 934 2076 pectora
958 2022 1088 2078 cogiS‚

66 2079 156 2121 auri
180 2094 297 2122 sacra
320 2080 472 2122 fames!
497 2088 719 2137 postquam
741 2097 874 2138 pavor
897 2098 995 2126 ossa
1017 2084 1194 2139 reliquit,

66 2141 247 2184 delectos
270 2142 414 2198 populi
437 2143 491 2184 ad
513 2158 704 2198 proceres
728 2145 992 2200 primumque
1015 2154 1230 2202 parentem

66 2210 249 2245 monstra
273 2204 397 2245 deum
420 2204 554 2247 refero
579 2212 621 2247 et
646 2221 754 2260 quae
779 2207 833 2249 sit
856 2208 1061 2250 sententia
1084 2223 1228 2264 posco.

68 2264 259 2307 omnibus
282 2265 395 2307 idem
417 2266 599 2317 animus,
625 2268 824 2310 scelerata
849 2270 1050 2312 excedere
1073 2276 1194 2320 terra,

66 2325 197 2379 linqui
219 2326 422 2381 pollutum
444 2327 670 2382 hospitium
693 2336 734 2371 et
757 2330 855 2372 dare
880 2330 1084 2373 classibus
1110 2340 1286 2373 austros.

68 2401 168 2443 ergo
191 2387 467 2430 instauramus
491 2388 702 2444 Polydoro
726 2391 871 2442 funus,
898 2399 940 2433 et
962 2393 1110 2448 ingens

67 2449 279 2505 aggeritur
302 2449 460 2491 tumulo
485 2450 626 2501 tellus;
651 2457 762 2493 stant
783 2451 983 2494 Manibus
1008 2468 1116 2504 arae,

68 2511 267 2553 caeruleis
291 2517 474 2553 maestae
499 2512 611 2554 vittis
635 2519 806 2568 atraque
831 2528 1043 2570 cupress0‚

68 2579 109 2614 et
132 2572 287 2614 circum
309 2573 463 2615 Iliades
488 2573 643 2616 crinem
666 2574 718 2616 de
741 2589 856 2617 more
881 2575 1060 2626 solutae3

67 2633 282 2677 inferimus
306 2635 447 2691 tepido
473 2636 708 2691 spumantia
731 2636 897 2692 cymbia
919 2637 1026 2679 lacte

70 2697 282 2753 sanguinis
307 2703 349 2739 et
373 2698 480 2740 sacri
501 2704 686 2754 pateras,
712 2699 975 2754 animamque
999 2700 1218 2756 sepulchro

70 2758 283 2801 condimus
308 2765 349 2802 et
372 2774 526 2815 magna
550 2774 789 2815 supremum
813 2775 915 2803 voce
940 2761 1109 2804 ciemus.

1146 2831 1200 2870 9*

1464 424 1507 455 30

1462 735 1505 765 35

1460 1044 1505 1074 40

1458 1356 1501 1385 45

1459 1665 1502 1695 50

1457 1976 1499 2005 55

1456 2284 1498 2314 60

1454 2591 1496 2623 65
