1820 3080
389 293 470 334 256
789 299 831 333 Ρ.
850 297 1081 334 VERGILII
1099 295 1322 332 MARONIS

387 402 493 443 filius
517 401 612 441 huic
636 405 792 447 contra,
818 403 977 451 torquet
1001 397 1071 450 qui
1095 397 1228 438 sidera
1251 397 1410 438 mundi:

390 477 440 512 „o
464 461 665 516 genetrix,
691 473 771 512 quo
796 458 881 499 fata
903 458 1052 498 vocas?
1075 463 1145 498 aut
1168 458 1266 511 quid
1289 458 1392 512 petis
1416 458 1530 499 istis?

387 521 597 562 mortaline
621 534 745 560 manu
767 519 900 559 factae
923 517 1135 559 inmortale
1159 518 1319 559 carinae

323 595 363 625 95
387 582 450 622 fas
474 581 668 629 habeant,
694 585 908 632 certusque
932 578 1086 619 incerta
1107 578 1287 633 pericula
1310 578 1454 620 lustret

386 641 577 682 Aeneas?
601 641 667 681 cui
690 645 802 680 tanta
825 640 902 680 deo
925 639 1125 693 permissa
1147 639 1354 693 potestas?

387 703 530 750 immo,
554 700 626 742 ubi
649 700 866 741 defunctae
890 700 1012 740 finem
1035 705 1257 754 portusque
1282 699 1477 741 tenebunt

387 761 596 803 Ausonios
622 761 736 810 olim,
762 774 1041 814 quaecumque
1065 760 1239 801 evaserit
1261 760 1381 802 undis

386 822 724 875 Dardaniumque
748 821 894 862 ducem
917 821 1142 862 Laurentia
1164 820 1320 861 vexerit
1343 836 1452 870 arva,

302 896 364 926 100
386 883 597 924 mortalem
622 882 789 936 eripiam
813 881 1004 930 formam,
1029 881 1248 935 magnique
1271 881 1420 923 iubebo

388 944 573 997 aequoris
599 957 689 984 esse
714 943 830 992 deas,
856 943 987 996 qualis
1011 942 1158 983 Nereia
1180 942 1293 983 Doto

389 1010 429 1046 et
454 1002 627 1046 Galatea
652 1009 791 1045 secant
815 1008 1071 1058 spumantem
1094 1009 1258 1058 pectore
1281 1007 1492 1057 pontum.“

389 1066 564 1115 dixerat,
589 1065 711 1118 idque
734 1070 868 1105 ratum
895 1063 1031 1119 Stygii
1053 1078 1126 1118 per
1149 1064 1317 1104 flumina
1340 1064 1487 1114 fratris,

388 1140 462 1180 per
484 1125 575 1180 pice
599 1125 786 1166 torrentis
812 1131 978 1178 atraque
1001 1125 1195 1180 voragine
1218 1125 1327 1179 ripas

305 1200 365 1230 105
389 1187 532 1228 adnuit
556 1193 596 1228 et
618 1193 748 1227 totum
771 1192 873 1226 nutu
896 1186 1121 1226 tremefecit
1146 1184 1383 1240 Olympum.

446 1247 561 1303 Ergo
585 1248 724 1289 aderat
746 1247 948 1301 promissa
972 1247 1058 1287 dies
1084 1253 1124 1287 et
1147 1252 1330 1300 tempora
1351 1247 1506 1288 Parcae

391 1307 528 1350 debita
551 1308 802 1363 conplerant,
828 1322 921 1348 cum
946 1307 1073 1347 Turni
1097 1307 1242 1348 iniuria
1265 1307 1442 1348 Matrem

392 1369 603 1410 admonuit
624 1368 780 1410 ratibus
806 1368 931 1409 sacris
956 1367 1156 1421 depellere
1181 1368 1334 1408 taedas.

390 1429 457 1470 hic
479 1430 655 1484 primum
679 1443 787 1470 nova
809 1428 882 1468 lux
905 1428 1032 1468 oculis
1056 1427 1211 1468 offulsit
1234 1434 1274 1469 et
1296 1428 1441 1483 ingens

307 1503 368 1533 110
393 1491 505 1531 visus
530 1489 582 1531 ab
606 1504 752 1531 aurora
775 1488 933 1530 caelum
956 1494 1230 1530 transcurrere
1252 1489 1429 1539 nimbus,

391 1551 586 1604 Idaeique
611 1551 742 1600 chori3
766 1556 853 1591 tum
875 1564 957 1591 vox
980 1550 1181 1591 horrenda
1202 1565 1277 1605 per
1300 1565 1419 1591 auras

393 1612 542 1653 excidit
566 1619 605 1653 et
629 1612 784 1653 Troum
807 1611 1135 1665 Rutulorumque
1159 1611 1324 1667 agmina
1347 1611 1525 1666 conplet:

395 1687 472 1723 „ne
496 1673 693 1728 trepidate
716 1686 849 1722 meas,
875 1671 1042 1722 Teucri,
1068 1672 1285 1713 defendere
1308 1673 1436 1722 navis,

393 1748 497 1775 neve
520 1740 673 1775 armate
697 1748 862 1782 manus3
886 1733 1015 1774 maria
1038 1739 1131 1774 ante
1156 1747 1324 1774 exurere
1348 1733 1489 1774 Turno

308 1809 370 1838 115
394 1809 517 1848 quam
542 1808 678 1836 sacras
703 1793 864 1835 dabitur
885 1794 1018 1848 pinus.
1044 1808 1117 1835 vos
1141 1794 1196 1835 ite
1221 1794 1389 1843 solutae,

393 1855 449 1895 ite
473 1855 574 1895 deae
596 1854 750 1910 pelagi3
775 1854 961 1909 genetrix
982 1854 1134 1895 iubet.“
1161 1860 1201 1895 et
1224 1869 1299 1896 sua
1321 1869 1506 1908 quaeque

396 1915 588 1956 continuo
611 1929 770 1969 puppes
795 1913 1042 1969 abrumpunt
1064 1915 1226 1956 vincula
1247 1915 1360 1970 ripis,

396 1975 714 2029 delphinumque
738 1974 860 2016 modo
884 1975 1079 2016 demersis
1105 1989 1282 2028 aequora
1304 1976 1446 2016 rostris

395 2036 480 2076 ima
502 2041 656 2090 petunt.
681 2035 777 2076 hinc
798 2035 1024 2090 virgineae,
1049 2035 1232 2077 mirabile
1255 2042 1494 2085 monstrum,

310 2109 374 2140 120
396 2097 572 2137 reddunt
596 2110 639 2137 se
663 2096 831 2137 totidem
854 2095 1000 2146 facies,
1023 2101 1230 2150 pontoque
1253 2096 1449 2137 feruntur.

457 2155 721 2211 Obstupuere
745 2157 871 2197 animi
891 2157 1075 2207 Rutulis,
1100 2157 1339 2199 conterritus
1363 2157 1452 2211 ipse

398 2217 569 2259 turbatis
593 2217 816 2272 Messapus
840 2218 974 2272 equis,
1000 2224 1212 2259 cunctatur
1235 2224 1275 2259 et
1298 2218 1440 2264 amnis

395 2293 520 2320 rauca
544 2293 692 2320 sonans
716 2284 959 2332 revocatque
981 2279 1129 2334 pedem
1154 2279 1371 2321 Tiberinus
1395 2278 1446 2320 ab
1471 2279 1564 2320 alto.

398 2346 439 2380 at
461 2355 543 2381 non
567 2340 712 2380 audaci
736 2339 877 2384 Turno
899 2339 1050 2381 fiducia
1073 2340 1215 2391 cessit3

311 2413 374 2443 125
397 2400 502 2442 ultro
526 2400 683 2442 animos
708 2400 812 2442 tollit
834 2401 953 2443 dictis
977 2407 1098 2455 atque
1122 2402 1303 2456 increpat
1331 2401 1454 2442 ultro:

400 2461 626 2513 „Troianos
650 2461 751 2502 haec
775 2468 956 2503 monstra
977 2468 1138 2517 petunt;
1162 2462 1226 2504 his
1250 2462 1434 2516 Iuppiter
1456 2462 1543 2516 ipse

399 2522 595 2563 auxilium
619 2522 783 2564 solitum
807 2523 970 2577 eripuit,
995 2538 1078 2564 non
1101 2523 1182 2564 tela
1204 2538 1337 2576 neque
1360 2523 1477 2578 ignes

400 2589 636 2638 exspectant
660 2584 848 2625 Rutulos.
874 2598 972 2639 ergo
996 2584 1124 2626 maria
1146 2585 1257 2625 invia
1280 2583 1464 2632 Teucris,

399 2658 475 2684 nec
499 2658 593 2698 spes
617 2644 701 2685 ulla
722 2644 847 2700 fugae
855 2661 866 2695 3
890 2659 1026 2686 rerum
1047 2660 1143 2700 pars
1167 2645 1293 2686 altera
1316 2644 1506 2697 adempta
1529 2653 1607 2692 est,

317 2717 378 2747 130
401 2710 507 2745 terra
529 2710 664 2746 autem
688 2706 731 2746 in
753 2706 902 2747 nostris
926 2706 1134 2756 manibus,
1159 2711 1219 2747 tot
1241 2705 1369 2754 milia,
1393 2710 1536 2759 gentes
