1820 3080
399 287 480 328 240
797 296 839 329 Ρ.
857 293 1084 329 VERGILII
1102 291 1324 327 MARONIS

396 401 586 448 quattuor
609 409 633 434 a
657 393 825 433 stabulis
849 391 1070 446 praestanti
1094 405 1260 444 corpore
1284 397 1420 434 tauros

396 455 556 502 avertit,
581 453 747 493 totidem
770 452 901 492 forma
925 456 1138 504 superante
1161 451 1365 492 iuveneas.

397 519 517 566 atque
540 513 632 561 hos,
658 526 708 551 ne
732 525 813 564 qua
834 510 968 551 forent
990 510 1162 564 pedibus
1186 511 1360 566 vestigia
1381 512 1513 561 rectis,

308 587 372 616 210
396 573 526 613 cauda
547 572 590 611 in
613 570 846 624 speluncam
869 576 1018 611 tractos
1042 571 1249 624 versisque
1272 572 1428 612 viarum

395 632 552 673 indiciis
575 638 712 685 raptos
738 645 837 672 saxo
861 630 1090 671 occultabat
1113 646 1251 685 opaco.

395 691 602 745 quaerenti
625 691 735 732 nulla
758 691 811 732 ad
835 691 1068 745 speluncam
1093 691 1210 746 signa
1232 692 1427 733 ferebant.

394 753 565 801 interea,
591 766 685 792 eum
706 752 789 792 iam
813 751 983 793 stabulis
1009 758 1188 793 saturata
1210 759 1390 794 moveret

394 812 782 866 Amphitryoniades
807 818 987 853 armenta
1011 812 1245 866 abitumque
1268 821 1439 867 pararet,

307 887 372 916 215
395 873 579 913 discessu
602 872 758 927 mugire
782 872 926 921 boves,
951 878 1071 925 atque
1094 887 1213 914 omne
1237 873 1424 926 querellis

395 933 539 987 inpleri
563 947 706 973 nemus
731 939 771 973 et
794 933 916 974 colles
941 933 1116 974 clamore
1138 934 1322 987 relinqui.

395 993 569 1034 reddidit
592 1008 673 1033 una
695 992 819 1034 boum
841 1007 983 1034 vocem
1005 1000 1202 1047 vastoque
1227 994 1303 1035 sub
1327 1000 1441 1035 antro

395 1054 542 1109 mugiit
564 1060 604 1094 et
628 1052 730 1095 Caci
753 1068 866 1107 spem
890 1054 1091 1095 custodita
1113 1054 1268 1095 fefellit.

398 1114 465 1155 hic
487 1129 584 1155 vero
606 1113 780 1155 Alcidae
803 1115 919 1156 furiis
944 1121 1149 1156 exarserat
1172 1121 1259 1156 atro

310 1188 375 1218 220
398 1175 492 1216 selle
516 1175 647 1224 dolor3
670 1175 776 1229 rapit
799 1191 910 1216 arma
932 1191 1057 1216 manu
1078 1176 1278 1229 nodisque
1301 1182 1513 1231 gravatum

397 1235 521 1276 robur
544 1242 583 1276 et
606 1235 704 1276 aerii
726 1250 848 1276 cursu
870 1236 971 1289 petit
993 1236 1120 1276 ardua
1141 1236 1302 1277 montis.

398 1302 486 1336 tum
508 1296 683 1350 primum
705 1296 843 1344 nostri,
857 1296 1014 1337 Cacum
1036 1297 1173 1341 videre
1197 1297 1405 1337 timentem

399 1356 686 1409 turbatumque
710 1356 857 1405 oculis3
881 1357 988 1411 fugit
1010 1357 1118 1397 ilicet
1141 1357 1251 1398 ocior
1273 1371 1370 1397 euro

400 1416 716 1471 speluncamque
738 1417 839 1470 petit
846 1432 856 1465 3
880 1416 1052 1470 pedibus
1076 1417 1196 1458 timor
1218 1417 1373 1458 addidit
1395 1417 1493 1458 alas.

312 1491 375 1521 225
398 1486 444 1518 ut
468 1492 557 1519 sese
581 1477 760 1527 inclusit,
784 1478 994 1531 ruptisque
1016 1478 1179 1519 inmane
1203 1478 1354 1519 catenis

401 1538 546 1579 deiecit
569 1552 732 1586 saxum,
756 1537 863 1578 ferro
887 1538 997 1591 quod
1020 1544 1061 1579 et
1083 1544 1167 1579 arte
1190 1544 1359 1592 paterna

399 1597 620 1653 pendebat,
645 1597 850 1651 fultosque
875 1599 1045 1639 emuniit
1067 1598 1181 1640 obiee
1204 1605 1356 1653 postes,

400 1673 495 1699 eece
519 1658 658 1699 furens
682 1658 826 1699 animis
851 1659 990 1700 aderat
1013 1659 1272 1713 Tirynthius,
1298 1673 1539 1712 omnemque

401 1733 612 1760 accessum
633 1718 810 1760 lustrans
834 1719 914 1760 hue
938 1734 1009 1760 ora
1031 1719 1187 1761 ferebat
1210 1725 1250 1760 et
1277 1719 1384 1768 illuc,

313 1793 378 1823 230
402 1779 591 1821 dentibus
614 1779 862 1820 infrendens.
887 1785 949 1821 ter
971 1786 1101 1821 totum
1124 1780 1305 1821 fervidus
1328 1779 1388 1820 ira

400 1840 546 1880 lustrat
567 1838 765 1880 Aventini
787 1846 984 1889 montem,
1009 1847 1070 1881 ter
1093 1855 1218 1882 saxea
1241 1846 1411 1894 temptat

401 1900 541 1940 limina
563 1899 826 1952 nequiquam,
852 1906 913 1941 ter
934 1900 1070 1941 fessus
1093 1901 1198 1942 valle
1220 1901 1380 1942 resedit.

403 1960 537 2002 stabat
559 1966 679 2001 acuta
702 1960 822 2009 silex,
845 1961 1039 2014 praecisis
1062 1962 1242 2014 undique
1266 1961 1375 2002 saxis

404 2022 622 2075 speluncae
646 2021 767 2061 dorso
790 2021 1024 2076 insurgens,
1049 2022 1247 2063 altissima
1269 2021 1374 2069 visu,

315 2093 379 2124 235
404 2082 581 2122 dirarum
604 2081 710 2122 nidis
735 2082 880 2122 domus
903 2087 1131 2136 opportuna
1153 2082 1374 2122 volucrum.

403 2142 525 2191 hane,
550 2149 595 2182 ut
617 2156 745 2196 prona
767 2142 864 2197 iugo
886 2141 1049 2183 laevum
1071 2141 1331 2183 incumbebat
1353 2141 1405 2181 ad
1428 2155 1601 2190 amnem,

404 2203 545 2243 dexter
567 2203 609 2242 in
631 2203 1002 2243 adversumnitens
1027 2203 1232 2244 concussit
1255 2207 1295 2243 et
1316 2202 1409 2242 imis

404 2263 587 2304 avolsam
611 2263 732 2304 solvit
753 2263 977 2312 radicibus3
1002 2263 1097 2304 inde
1118 2269 1284 2318 repente

403 2324 566 2378 inpulit3
590 2323 754 2378 inpulsu
776 2337 857 2377 quo
880 2324 1081 2365 maximus
1104 2324 1259 2365 intonat
1282 2323 1431 2372 aether,

317 2397 382 2428 240
405 2384 621 2426 dissultant
642 2384 754 2438 ripae
776 2384 989 2438 refluitque
1013 2385 1226 2425 exterritus
1250 2384 1393 2426 amnis.

405 2451 447 2486 at
471 2459 616 2499 specus
640 2451 680 2485 et
705 2444 805 2486 Caci
828 2445 987 2486 detecta
1010 2445 1196 2499 adparuit
1217 2445 1361 2500 ingens

404 2505 518 2560 regia
540 2511 580 2546 et
602 2504 817 2546 umbrosae
840 2505 1000 2559 penitus
1023 2512 1189 2559 patuere
1214 2519 1420 2552 cavernae,

405 2581 488 2607 non
510 2580 628 2608 secus
652 2581 701 2608 ac
724 2567 759 2607 si
781 2581 862 2619 qua
883 2566 1044 2620 penitus
1068 2567 1111 2607 vi
1133 2573 1238 2607 terra
1260 2566 1470 2607 dehiscens

405 2627 584 2668 infernas
607 2633 759 2668 reseret
782 2628 900 2668 sedes
925 2633 965 2668 et
987 2642 1115 2682 regna
1136 2627 1317 2668 recludat

320 2699 384 2730 245
407 2687 574 2741 pallida,
599 2687 661 2729 dis
685 2688 833 2738 invisa,
859 2702 1059 2742 superque
1082 2689 1243 2729 inmane
1266 2686 1497 2729 barathrum
