1820 3080
322 476 385 506 300

319 778 381 807 305

318 1082 382 1112 310

320 1387 382 1417 315

321 1691 384 1720 320

321 1994 384 2024 325

321 2297 385 2328 330

323 2601 385 2631 385

411 292 494 334 330
812 298 853 331 Ρ.
873 296 1102 332 VERGILH
1120 295 1343 332 MARONIS

409 401 571 455 corripit
594 406 634 440 et
657 397 835 439 venienti
858 396 1002 451 Ebyso
1025 396 1270 452 plagamque
1294 396 1438 438 ferenti

409 467 579 515 occupat
603 474 648 501 os
672 458 866 508 flammis;
890 458 949 499 illi
971 458 1116 513 ingens
1140 457 1269 500 barba
1291 458 1452 508 reluxit,

407 522 670 574 nidoremque
694 519 884 561 ambusta
906 519 1017 560 dedit
1025 535 1036 568 ;
1062 533 1185 574 super
1206 519 1295 573 ipse
1320 525 1482 561 secutus

408 581 627 623 caesariem
650 580 768 622 laeva
790 579 941 621 turbati
964 580 1128 635 corripit
1151 579 1293 629 hostis,

406 643 672 697 inpressoque
695 655 805 697 genu
828 640 961 682 nitens
986 646 1116 682 terrae
1140 641 1317 696 adplicat
1339 641 1492 696 ipsum3

408 703 466 744 sic
488 702 620 758 rigido
643 702 750 744 latus
775 716 872 744 ense
896 702 1001 743 ferit.
1026 701 1256 744 Podalirius
1279 701 1442 752 Alsum,

405 770 611 819 pastorem
633 764 845 819 primaque
868 763 955 806 acie
978 777 1052 818 per
1075 763 1155 805 tela
1176 770 1375 813 ruentem,

407 840 504 866 ense
528 839 702 878 sequens
725 825 836 867 nudo
861 824 1170 880 superinminet3
1194 824 1262 866 ille
1287 825 1421 866 securi

406 886 567 928 adversi
590 886 767 928 frontem
789 886 967 927 mediam
990 892 1254 939 mentumque
1277 886 1445 927 reducta

406 947 541 988 disicit
564 953 604 988 et
627 961 769 1002 sparso
792 946 873 988 late
896 946 1003 1002 rigat
1025 961 1139 988 arma
1161 961 1315 988 cruore.

406 1008 476 1049 olli
499 1009 600 1049 dura
623 1008 739 1062 quies
764 1007 904 1049 oculos
929 1013 970 1049 et
992 1007 1147 1049 ferreus
1171 1013 1318 1063 urguet

407 1076 592 1119 somnus,
617 1069 660 1110 in
683 1074 887 1110 aeternam
911 1067 1154 1109 clauduntur
1175 1068 1330 1110 lumina
1352 1074 1524 1110 noctem.

460 1129 521 1171 At
542 1129 634 1185 pius
660 1128 825 1171 Aeneas
850 1129 1034 1170 dextram
1057 1128 1248 1170 tendebat
1271 1129 1467 1170 inermem

406 1191 558 1232 nudato
583 1191 713 1245 capite
737 1196 858 1244 atque
884 1204 980 1232 suos
1005 1189 1181 1232 clamore
1206 1189 1398 1232 vocabat:

409 1266 514 1305 „quo
537 1251 678 1293 ruitis?
701 1265 856 1304 quaeve
880 1251 960 1292 ista
981 1265 1128 1305 repens
1153 1251 1356 1292 discordia
1381 1251 1534 1306 surgit?

407 1327 431 1353 o
456 1312 641 1354 cohibete
665 1311 764 1353 iras!
789 1312 915 1352 ictum
938 1311 1020 1352 iam
1044 1311 1188 1352 foedus
1213 1317 1253 1352 et
1276 1326 1418 1352 omnes

408 1372 642 1428 conpositae
665 1372 778 1427 leges
786 1388 797 1422 3
822 1372 921 1412 mihi
943 1371 1008 1412 ius
1032 1385 1269 1413 concurrere
1295 1372 1383 1421 soli,

407 1448 472 1475 me
498 1433 615 1474 sinite
639 1439 760 1486 atque
785 1433 941 1474 auferte
965 1438 1117 1482 metus,
1143 1447 1221 1488 ego
1246 1432 1412 1474 foedera
1434 1432 1531 1474 faxo

407 1495 522 1535 firma
546 1509 688 1544 manu3
714 1494 900 1535 Turnum
924 1493 1074 1536 debent
1096 1493 1198 1536 haec
1221 1494 1303 1536 iam
1326 1494 1426 1535 mihi
1450 1497 1603 1535 sacra.“

406 1556 481 1596 has
506 1556 609 1596 inter
632 1570 782 1606 voces,
799 1555 934 1596 media
956 1555 1061 1596 inter
1083 1555 1180 1596 talia
1202 1554 1328 1596 verba

408 1630 520 1666 ecce,
545 1616 632 1658 viro
657 1616 832 1658 stridens
857 1616 931 1657 alis
956 1615 1125 1670 adlapsa
1149 1616 1298 1671 sagitta
1321 1622 1394 1665 est,

407 1678 604 1718 incertum
627 1691 709 1731 qua
731 1677 851 1732 pulsa
874 1692 1015 1727 manu,
1042 1691 1122 1730 quo
1146 1676 1304 1718 turbine
1329 1677 1484 1726 adacta,

407 1739 499 1792 quis
524 1744 678 1779 tantam
701 1738 863 1779 Rutulis
887 1738 1068 1787 laudem,
1095 1751 1266 1779 casusne
1291 1738 1456 1786 deusne,

408 1799 603 1849 attulerit3
627 1813 770 1854 pressa
794 1805 856 1841 est
878 1799 1051 1854 insignis
1075 1799 1205 1854 gloria
1228 1799 1338 1849 faeti,

407 1874 484 1901 nec
507 1874 598 1901 sese
621 1858 790 1900 Aeneae
813 1859 978 1900 iactavit
1001 1860 1164 1901 volnere
1189 1860 1417 1913 quisquam.

409 1920 593 1970 Turnus,
619 1925 664 1961 ut
685 1918 859 1961 Aenean
883 1920 1094 1962 cedentem
1118 1935 1169 1961 ex
1193 1921 1355 1976 agmine
1378 1920 1480 1961 vidit

409 1980 672 2033 turbatosque
696 1981 840 2030 duces,
866 1980 1002 2022 subita
1025 1995 1097 2035 spe
1121 1981 1303 2022 fervidus
1327 1981 1460 2029 ardet3

408 2040 539 2094 poscit
563 2055 688 2093 equos
713 2046 833 2094 atque
857 2055 970 2082 arma
993 2041 1131 2091 simul,
1158 2041 1342 2094 saltuque
1367 2041 1567 2095 superbus

409 2101 554 2142 emicat
578 2101 620 2141 in
645 2115 806 2142 currum
830 2106 870 2142 et
892 2101 1080 2144 manibus
1105 2102 1267 2143 molitur
1290 2101 1484 2143 habenas.

408 2162 536 2202 multa
559 2161 691 2202 virum
714 2161 888 2203 volitans
912 2162 982 2203 dat
1004 2162 1125 2204 fortia
1149 2177 1318 2217 corpora
1340 2162 1420 2204 leto
1428 2178 1438 2212 ;

410 2222 632 2264 semineces
657 2222 783 2263 volvit
806 2222 956 2264 multos
980 2229 1050 2264 aut
1073 2223 1237 2278 agmina
1260 2237 1379 2265 curru

407 2283 576 2339 proterit
599 2290 670 2324 aut
691 2289 828 2338 raptas
857 2283 1110 2339 fugientibus
1133 2285 1281 2340 ingerit
1302 2285 1455 2326 hastas.

409 2345 539 2399 qualis
564 2345 674 2399 apud
697 2345 823 2399 gelidi
846 2359 940 2386 cum
964 2345 1133 2387 flumina
1156 2345 1339 2387 concitus
1363 2344 1497 2386 Hebri

410 2405 659 2461 sanguineus
683 2405 854 2448 Mavors
878 2406 1009 2462 clipeo
1032 2407 1190 2448 intonat
1212 2413 1334 2461 atque
1358 2406 1528 2448 furentis

408 2467 515 2508 bella
537 2481 706 2508 movens
730 2467 895 2508 inmittit
918 2482 1065 2522 equos3
1089 2468 1148 2509 illi
1171 2483 1345 2523 aequore
1368 2474 1507 2523 aperto

410 2534 502 2569 ante
525 2534 643 2570 notos
667 2528 973 2584 zephyr-umque
996 2529 1152 2579 volant,
1176 2530 1304 2585 gemit
1327 2529 1468 2570 ultima
1489 2528 1610 2583 pulsu

411 2589 573 2631 Thraca
597 2589 767 2644 pedum,
792 2589 1026 2643 circumque
1050 2596 1160 2632 atrae
1184 2590 1410 2632 formidinis
1436 2604 1506 2631 ora

410 2649 572 2703 iraeque
596 2650 866 2704 insidiaeque,
892 2651 959 2692 dei
982 2652 1216 2702 comitatus,
1241 2657 1433 2707 aguntur:

410 2709 500 2751 talis
526 2724 651 2764 equos
675 2711 808 2753 alacer
831 2712 965 2753 media
987 2712 1090 2754 inter
1111 2712 1264 2767 proelia
1287 2711 1449 2753 Turnus
