1794 3048
375 293 430 333 42
776 302 817 336 P.
838 300 1068 336 VERGILH
1086 300 1121 333 M
1126 299 1309 336 ARONIS

376 403 417 443 di
441 403 560 457 patrii
583 403 791 457 Indigetes
817 409 857 442 et
879 401 1054 442 Romule
1078 400 1285 453 Vestaque
1310 408 1448 451 mater,

375 478 480 517 quae
504 463 687 504 Tuscum
712 461 894 503 Tiberim
917 468 957 502 et
979 461 1168 502 Romana
1191 460 1350 502 Palatia
1374 476 1525 511 servas,

288 538 352 568 500
374 525 484 565 hunc
508 523 652 564 saltem
676 537 818 564 everso
842 522 1031 563 iuvenem
1055 536 1288 563 succurrere
1312 522 1445 563 saeclo

373 599 425 626 ne
448 582 677 638 prohibete!
709 583 807 624 satis
831 582 912 623 iam
935 582 1094 637 pridem
1118 583 1315 638 sanguine
1339 589 1477 624 nostro

373 644 705 685 Laomedonteae
728 643 879 684 luimus
902 643 1078 698 periuria
1102 643 1267 693 Troiae3

374 706 455 746 iam
478 704 636 758 pridem
659 704 776 746 nobis
801 704 903 745 caeli
929 711 969 746 te
991 704 1122 759 regia,
1149 703 1315 754 Caesar,

373 766 544 815 invidet,
569 771 691 818 atque
712 765 923 807 hominum
946 765 1128 818 queritur
1150 779 1291 806 curare
1315 765 1553 820 triumphos.

285 840 348 870 505
373 826 524 881 quippe
547 825 619 867 ubi
642 826 706 868 fas
729 841 894 868 versum
917 832 1039 879 atque
1062 825 1197 875 nefas,
1222 832 1282 867 tot
1304 825 1411 867 bella
1433 841 1506 880 per
1529 827 1680 876 orbem,

373 895 456 929 tam
479 887 630 928 multae
654 887 852 929 scelerum
875 887 1023 937 facies;
1046 901 1130 928 non
1152 886 1258 927 ullus
1283 893 1415 928 aratro

372 949 520 1005 dignus
544 948 674 990 honos
682 964 693 998 3
718 949 907 1002 squalent
929 948 1114 990 abductis
1139 963 1236 989 arva
1259 949 1425 998 colonis,

373 1016 414 1050 ct
436 1023 584 1050 curvae
607 1009 786 1064 rigidum
809 1009 935 1050 falces
960 1009 1186 1050 conflantur
1207 1009 1250 1049 in
1274 1023 1424 1050 ensem.

373 1071 466 1111 hinc
489 1076 626 1112 movet
648 1070 901 1125 Euphrates,
926 1070 1036 1111 illinc
1061 1068 1282 1111 Germania
1305 1069 1475 1119 bellum3

285 1145 348 1175 510
372 1131 528 1172 vicinae
550 1130 680 1185 ruptis
703 1131 808 1172 inter
831 1146 875 1172 se
898 1131 1059 1186 legibus
1082 1130 1204 1172 urbes

372 1207 484 1232 arma
507 1191 660 1232 ferunt:
686 1191 815 1232 saevit
838 1197 924 1233 toto
946 1191 1062 1232 Mars
1085 1191 1221 1246 inpius
1245 1191 1361 1240 orbc;

374 1258 416 1293 ut
440 1267 533 1293 cum
557 1252 786 1294 carceribus
811 1267 901 1293 sese
925 1253 1105 1293 effudere
1129 1252 1362 1307 quadrigae,

373 1313 527 1353 addunt
549 1313 592 1354 in
616 1313 765 1367 spatio,
791 1319 831 1354 et
854 1313 1006 1354 frustra
1027 1313 1249 1354 retinacula
1272 1313 1441 1353 tendens

373 1374 500 1415 fertur
523 1373 637 1427 equis
662 1374 822 1429 auriga,
846 1387 979 1427 neque
1003 1373 1116 1414 audit
1139 1387 1279 1414 currus
1303 1372 1495 1414 habenas.
