1820 3080
410 302 492 344 262
809 308 850 341 Ρ.
871 305 1101 342 VERGILII
1120 302 1296 339 MARON
1299 303 1344 338 IS

410 411 482 453 sed
504 424 587 451 non
610 408 779 463 augurio
802 406 933 461 potuit
956 404 1158 459 depellere
1180 409 1351 459 pestem.

408 472 478 512 tris
502 471 616 511 iuxta
638 467 813 510 famulos
838 474 989 508 temere
1011 466 1116 506 inter
1138 465 1219 506 tela
1241 464 1410 506 iacentis

408 531 732 586 armigerumque
756 528 875 569 Remi
899 527 1046 582 premit
1068 526 1333 581 aurigamque
1357 525 1434 567 sub
1457 526 1558 581 ipsis

407 598 548 632 nactus
574 590 706 643 equis,
731 588 919 642 ferroque
944 593 1056 629 secat
1078 586 1297 642 pendentia
1321 586 1443 637 colla;

320 665 384 696 330
408 659 495 693 tum
518 657 639 705 caput
661 650 741 704 ipsi
765 649 897 691 aufert
920 648 1102 698 domino,
1128 655 1397 701 truncumque
1419 647 1610 702 relinquit

408 712 605 767 sanguine
630 710 919 766 singultantem
928 726 939 760 ;
964 715 1050 751 atro
1074 708 1279 764 tepefacta
1302 723 1444 750 cruore

407 780 513 814 terra
535 772 692 826 torique
716 772 892 812 madent.
923 785 1000 812 nec
1022 785 1105 812 non
1128 771 1438 824 Lamyrumque
1460 770 1722 824 Lamumque

407 841 446 876 et
470 834 657 875 iuvenem
684 831 923 882 Serranum,
948 832 1019 873 illa
1041 831 1111 885 qui
1133 831 1308 886 plurima
1331 837 1450 872 nocte

405 895 576 944 luserat,
600 894 772 950 insignis
797 894 919 943 facie,
944 893 1152 947 multoque
1175 892 1335 934 iacebat

320 969 383 999 335
407 955 590 997 membra
612 956 689 996 deo
713 955 863 1004 victus3
888 954 1006 1004 feliX,
1032 954 1067 995 si
1089 954 1273 1009 protinus
1297 953 1412 994 illum

408 1023 623 1070 aequasset
644 1016 754 1058 nocti
776 1016 918 1057 ludum
941 1016 983 1058 in
1005 1016 1220 1069 lucemque
1243 1015 1415 1056 tulisset.

408 1079 593 1133 inpastus
618 1092 693 1119 ceu
715 1077 837 1132 plena
859 1077 923 1118 leo
946 1091 1026 1131 per¹
1042 1077 1164 1118 ovilia
1187 1075 1355 1118 turbans
1379 1100 1433 1105 —-

410 1139 553 1180 suadet
576 1139 684 1180 enim
706 1153 859 1180 vesana
880 1138 1011 1179 fames
1035 1162 1089 1167 —-
1112 1137 1348 1191 manditque
1373 1136 1573 1190 trahitque

408 1200 530 1241 molle
552 1214 677 1254 pecus
702 1205 940 1252 mutumque
963 1204 1075 1240 metu
1083 1215 1094 1248 3
1118 1198 1256 1239 fremit
1277 1212 1346 1239 ore
1371 1203 1549 1239 cruento.

322 1273 387 1304 340
411 1275 486 1302 nec
510 1261 642 1301 minor
663 1259 833 1314 Euryali
858 1259 1022 1309 caedes3
1046 1259 1237 1299 incensus
1261 1264 1302 1299 et
1323 1258 1412 1312 ipse

407 1321 577 1376 perfurit
600 1335 647 1362 ac
671 1321 838 1361 multam
861 1320 903 1360 in
926 1319 1061 1361 medio
1085 1319 1172 1360 sine
1195 1319 1359 1360 nomine
1382 1317 1559 1373 plebem,

408 1382 647 1435 Fadumque
672 1380 986 1434 Herbesumque
1011 1379 1120 1421 subit
1143 1379 1430 1432 Rhoetumque
1453 1378 1722 1432 Abarimque,

408 1443 591 1498 ignaros;
616 1441 822 1483 Rhoetum
844 1441 1081 1496 vigilantem
1105 1446 1146 1481 et
1169 1446 1315 1482 cuncta
1336 1440 1543 1482 videntem
1550 1455 1561 1489 ;

410 1503 483 1545 sed
506 1517 700 1558 magnum
724 1508 909 1543 metuens
935 1516 979 1543 se
1001 1508 1095 1557 post
1118 1508 1274 1543 cratera
1296 1501 1478 1557 tegebat:

322 1577 386 1607 345
408 1570 571 1619 pectore
594 1563 637 1604 in
660 1563 831 1604 adverso
856 1568 986 1604 totum
1010 1563 1076 1604 cui
1099 1563 1325 1605 comminus
1349 1577 1490 1604 ensem

410 1624 589 1666 condidit
612 1624 848 1680 adsurgenti
872 1630 912 1665 et
934 1624 1063 1666 multa
1085 1631 1214 1666 morte
1237 1625 1402 1679 recepit.

408 1700 655 1741 purpuream
678 1685 807 1726 vomit
828 1685 896 1726 ille
920 1685 1097 1726 animam
1121 1691 1162 1726 et
1185 1700 1279 1727 cum
1303 1684 1501 1740 sanguine
1526 1684 1653 1725 mixta

409 1747 504 1787 vina
526 1746 650 1788 refert
673 1747 868 1796 moriens,
892 1746 959 1788 hic
983 1746 1091 1788 furto
1114 1746 1297 1788 fervidus
1321 1747 1456 1788 instat.

409 1809 570 1861 iamque
594 1808 647 1848 ad
669 1807 856 1862 Messapi
880 1807 1011 1849 socios
1036 1807 1246 1858 tendebat3
1269 1807 1327 1849 ibi
1349 1808 1487 1863 ignem

322 1879 386 1910 350
410 1868 582 1909 deficere
606 1874 831 1908 extremum
855 1873 896 1908 et
918 1868 1110 1922 religatos
1134 1868 1209 1909 rite
1233 1867 1399 1909 videbat

410 1942 574 1983 carpere
596 1942 767 1983 gramen
790 1942 936 1981 equos:
959 1928 1137 1969 breviter
1159 1943 1254 1970 cum
1279 1928 1375 1969 talia
1396 1928 1522 1969 Nisus
1547 1952 1601 1958 —-

411 1989 538 2029 sensit
561 1989 669 2030 enim
691 1988 816 2029 nimia
839 1989 963 2030 caede
986 1995 1108 2042 atque
1131 1989 1321 2044 cupidine
1345 1989 1440 2030 ferri
1464 2013 1518 2018 --

412 2048 709 2099 „absistamus“
735 2049 809 2098 ait3
836 2064 956 2099 „nam
977 2049 1050 2090 lux
1072 2049 1235 2090 inimica
1256 2049 1512 2104 propinquat.

409 2124 632 2165 poenarum
655 2109 899 2151 exhaustum
923 2110 1021 2151 satis
1046 2116 1126 2159 est,
1150 2110 1218 2151 via
1240 2110 1349 2151 facta
1370 2124 1444 2165 per
1465 2109 1642 2151 hostes,“

323 2183 386 2213 355
411 2170 538 2212 multa
560 2171 694 2212 virum
716 2169 846 2212 solido
870 2176 1039 2226 argento
1062 2170 1243 2226 perfecta
1265 2170 1498 2224 relinquunt

410 2245 602 2284 armaque
626 2236 884 2284 craterasque
908 2230 1029 2272 simul
1052 2231 1325 2286 pulchrosque
1350 2236 1519 2284 tapetas.

409 2291 616 2346 Euryalus
639 2291 827 2346 phaleras
850 2291 1092 2333 Rhamnetis
1116 2298 1156 2333 et
1179 2305 1303 2333 aurea
1325 2291 1447 2333 bullis

410 2352 591 2407 cingula,
617 2351 777 2394 Tiburti
800 2352 975 2394 Remulo
1000 2352 1223 2394 ditissimus
1247 2352 1346 2393 olim

410 2427 515 2466 quae
538 2413 660 2454 mittit
682 2413 807 2462 dona,
832 2412 1009 2467 hospitio
1033 2427 1126 2454 cum
1149 2412 1335 2468 iungeret
1358 2412 1518 2460 absens,

323 2486 386 2517 360
411 2473 613 2515 Caedicus
621 2489 633 2524 ;
657 2473 724 2515 ille
748 2489 823 2515 suo
846 2474 1022 2515 moriens
1047 2474 1117 2515 dat
1139 2473 1289 2515 habere
1313 2473 1468 2527 nepoti3

409 2540 503 2589 post
525 2541 697 2576 mortem
721 2534 828 2576 bello
851 2534 994 2576 Rutuli
1016 2548 1234 2589 pugnaque
1257 2534 1391 2589 potiti;

410 2594 512 2636 haec
534 2595 638 2649 rapit
661 2601 782 2648 atque
805 2594 984 2636 humeris
1008 2595 1254 2648 nequiquam
1279 2593 1450 2635 fortibus
1475 2600 1598 2647 aptat.

411 2663 498 2696 tum
521 2655 681 2710 galeam
704 2655 892 2711 Messapi
914 2655 1092 2697 habilem
1115 2655 1329 2708 cristisque
1353 2654 1541 2695 decoram

411 2715 553 2756 induit.
579 2716 780 2757 excedunt
803 2717 946 2758 castris
971 2722 1011 2758 et
1034 2722 1121 2758 tuta
1144 2721 1374 2771 capessunt.
