1748 3048
382 299 448 328 XX
453 299 469 328 Ῑ
474 299 504 329 V
944 295 1153 323 PRAEFATIO

380 393 535 440 Vergilii
565 392 813 428 imitationem.
871 388 995 435 Atque
1021 387 1326 434 quemadmodum
1351 389 1555 435 Vergiliani
1579 389 1715 426 Culicis

381 444 554 479 memoria
561 442 692 485 effecit,
706 445 747 475 ut
758 443 922 474 nostrum
935 437 1251 473 carmenMaronis
1260 438 1432 483 operibus
1445 439 1533 474 addi
1546 443 1716 485 coeptum

382 494 445 538 sit,
465 494 533 537 ita,
560 492 660 538 quod
676 489 863 534 Vergilius
881 488 1009 533 paullo
1029 491 1115 522 ante
1135 491 1288 522 mortem
1306 488 1468 533 Megaris
1486 489 1714 534 versabatur,

380 541 609 588 Megarensis
623 540 773 575 fabulae
787 537 972 573 enarratio
986 537 1034 572 ad
1048 548 1130 572 eum
1142 540 1328 583 tamquam
1335 542 1524 574 auctorem
1530 539 1716 584 pertinere

379 592 494 626 videri
507 590 638 635 potuit.
674 589 765 623 Nam
779 587 861 633 quis
869 586 968 622 Cirin
982 586 1238 632 composuerit,
1252 599 1403 633 prorsus
1416 588 1604 624 incertum.
1630 588 1715 624 Cor-
1729 622 1731 624 .

378 641 514 675 nelium
528 639 692 682 Gallum,
706 637 744 672 id
758 637 859 683 quod
871 636 1009 682 primus
1022 636 1051 671 Ι.
1065 636 1112 671 H.
1125 636 1282 672 Vossius
1296 637 1503 682 suspicatus
1517 643 1585 683 est,
1599 638 1715 674 fuisse

378 691 454 724 iure
478 692 616 734 negant
638 691 786 733 praeter
803 686 986 732 Silligium
1003 686 1047 721 F.
1066 686 1227 721 Iacobus
1245 687 1294 722 ad
1307 687 1540 732 Propertium
1557 699 1592 733 p.
1606 688 1649 723 16
1662 699 1730 734 sq„

378 743 415 774 et
426 738 613 783 Hauptius
626 738 665 772 in
674 737 783 772 Obss.
796 736 875 772 crit.
887 748 923 782 p.
937 737 970 781 6,
986 735 1050 782 qui
1062 737 1177 771 multo
1191 737 1388 782 posteriori
1401 737 1557 782 tempori
1570 748 1716 773 carmen

376 788 520 823 minime
533 788 671 823 bonum
684 787 970 822 adscribendum
983 790 1119 822 censet.
1143 786 1193 821 Et
1205 798 1293 822 sane
1306 786 1459 822 inferior
1471 787 1597 823 Culice
1611 786 1715 822 Ciris.

376 838 532 873 Doctior
538 838 634 872 enim
643 836 779 872 Culicis
792 840 933 880 auctor,
947 835 1094 871 facilior
1105 836 1143 871 in
1156 837 1323 872 versibus
1329 837 1549 883 pangendis,
1563 838 1716 877 liberius

377 888 531 934 Vergilii
546 887 702 933 vestigia
719 898 889 933 premens
902 886 1040 933 ubique
1053 887 1218 932 adparet.
1266 886 1359 922 Ciris
1378 887 1520 923 initium
1532 888 1716 924 versifica-

376 938 484 983 toris,
499 949 575 972 non
586 941 721 983 poetae
734 936 793 972 vel
805 936 966 982 pessimi,
980 936 1134 971 imitatio
1148 937 1304 983 Vergilii
1315 938 1558 984 pinguissima.
1570 942 1608 973 et
1619 939 1716 975 ultra

377 1000 520 1024 omnem
533 988 691 1032 modum,
705 986 808 1021 cuius
822 989 1058 1031 conspectum
1073 985 1300 1022 Schraderus
1316 987 1418 1022 dedit
1435 987 1473 1022 in
1480 987 1714 1023 Emendatio—

375 1039 485 1074 nibus
498 1050 534 1084 p.
546 1037 690 1072 33—40.
736 1037 795 1072 De
810 1036 944 1071 Catulli
957 1036 1161 1072 imitatione
1176 1037 1264 1072 satis
1278 1038 1408 1073 crebra
1421 1038 1468 1073 cf.
1483 1037 1666 1083 Silligium
1678 1050 1713 1084 p.

377 1088 442 1123 155
455 1099 509 1134 sq.
523 1092 560 1123 et
573 1087 772 1132 Hauptium
784 1087 952 1128 Quaestt.
967 1085 1099 1122 Catull.
1110 1099 1145 1132 p.
1153 1087 1197 1122 74
1205 1099 1259 1134 sq.
1284 1089 1484 1123 Praeterea
1494 1087 1648 1133 puerilis
1660 1091 1717 1124 est

377 1138 550 1173 narrandi
563 1137 657 1172 ratio
673 1137 711 1171 in
725 1135 798 1170 Ciri
807 1163 816 1181 ,
838 1136 941 1172 cuius
954 1140 1159 1181 auctorem,
1175 1137 1262 1172 dum
1272 1137 1536 1173 minutissimas
1550 1148 1716 1183 quasque

377 1200 436 1224 res
448 1188 530 1223 fuse
543 1191 693 1232 tractat,
720 1198 830 1232 saepe
846 1198 1020 1222 summam
1039 1186 1092 1222 rei
1105 1186 1163 1221 vix
1176 1188 1358 1233 attingere
1375 1188 1494 1232 probe
1513 1187 1605 1222 vidit
1616 1187 1716 1233 Hcy-

376 1238 459 1273 nius
476 1250 513 1283 p.
533 1238 598 1272 128
612 1248 685 1283 sq.,
709 1237 933 1283 uberiusque
952 1236 989 1271 in
1007 1236 1311 1272 adnotationibus
1331 1237 1405 1271 suis
1423 1241 1639 1282 persecutus
1659 1239 1716 1272 est

378 1287 554 1333 Silligius.

445 1338 552 1379 Quod
561 1338 609 1372 ad
616 1341 729 1372 artem
738 1337 902 1372 criticam
910 1336 1055 1382 attinet,
1070 1337 1107 1372 in
1121 1335 1149 1372 C
1156 1337 1220 1372 uli
1229 1348 1248 1372 c
1256 1349 1276 1373 e
1294 1337 1447 1372 maxime
1457 1335 1690 1372 Colbertinos
1698 1336 1717 1371 1

377 1387 470 1431 etII,
477 1391 554 1422 tum
563 1387 781 1422 Thuaneum
790 1390 938 1422 secutus
947 1398 1036 1422 sum.
1065 1388 1293 1433 Quamquam
1300 1390 1423 1422 autem
1438 1386 1714 1422 emendationes

376 1437 528 1472 maxime
537 1437 681 1472 Heinsii
693 1437 830 1471 dudum
841 1440 1012 1482 receptas
1025 1437 1157 1472 eiicere
1170 1437 1284 1481 nolui,
1298 1441 1433 1482 tamen,
1447 1440 1624 1483 quantum
1636 1435 1717 1471 fieri

376 1490 539 1531 poterat,
560 1486 689 1522 sedulo
705 1486 785 1521 cavi
798 1498 844 1522 ne
863 1490 1012 1532 poetam
1025 1486 1148 1531 potius
1166 1498 1276 1533 quam
1294 1487 1464 1522 librarios
1483 1486 1715 1532 corrigerem.

376 1537 420 1572 V.
429 1537 472 1571 66
486 1537 674 1582 Rhoecique
686 1547 754 1582 pro
762 1537 946 1582 leetz‘que
953 1547 997 1571 ex
1003 1536 1235 1571 Lachmanni
1248 1536 1503 1572 emendatione
1511 1536 1559 1571 ad
1566 1536 1714 1571 Lucret.

375 1598 412 1631 p.
420 1586 485 1620 136
493 1587 707 1631 recepimus.
715 1586 810 1621 —In
823 1585 915 1621 ciri
926 1586 1178 1632 Rehdigerani
1185 1586 1538 1622 etHelmstadiensis
1547 1586 1715 1621 codicum

376 1647 421 1671 ea
428 1647 504 1671 non
511 1647 655 1682 semper
662 1636 858 1671 videbatur
866 1647 946 1672 esse
957 1636 1171 1681 auctoritas,
1184 1640 1304 1672 utnon
1310 1636 1580 1682 pluribuslocis
1590 1635 1715 1681 vulga-

375 1689 451 1721 tam
464 1686 683 1731 scripturam
698 1687 915 1722 servandam
929 1687 1110 1722 ducerem.
1157 1686 1292 1732 Silligii
1305 1685 1601 1721 emendationum
1620 1696 1715 1731 quae

375 1747 451 1771 non
459 1737 677 1772 audaciores
685 1737 898 1772 viderentur
910 1737 1045 1782 recepi,
1058 1741 1251 1783 praeterea
1263 1748 1358 1783 quac
1365 1737 1551 1782 Hauptius
1559 1736 1717 1772 feliciter

376 1787 586 1821 emendavit
597 1787 635 1820 in
646 1786 844 1832 Philologo
857 1788 887 1821 I.
899 1799 935 1832 p.
949 1788 1015 1822 663
1028 1788 1075 1834 (v.
1087 1787 1132 1822 94
1143 1789 1300 1833 calparia
1317 1798 1385 1833 pro
1398 1788 1541 1829 altaria,
1567 1787 1667 1832 quod
1677 1786 1715 1821 in

376 1836 566 1870 alabastnia
577 1836 702 1880 potius
714 1837 928 1871 mutandum
943 1842 1070 1872 censet
1078 1836 1338 1882 Th.Bergkius
1350 1837 1489 1873 inNov.
1497 1836 1714 1872 Mus.Rhen.

375 1889 401 1919 t.
415 1885 498 1922 VII.
510 1896 546 1930 p.
561 1886 641 1929 160)
655 1885 742 1920 etin
756 1885 924 1927 Quaestt.
939 1885 1071 1921 Catull.
1083 1898 1119 1931 p.
1134 1887 1176 1921 75
1184 1897 1264 1932 sqq.
1311 1886 1448 1922 Contra
1462 1886 1582 1921 sciens
1596 1897 1714 1921 emen-

377 1935 564 1970 dationem
575 1934 806 1970 Lachmanni
823 1935 872 1970 ad
884 1935 1096 1971 Lucretium
1108 1947 1144 1980 p.
1156 1935 1200 1969 53
1218 1948 1289 1980 par
1305 1937 1347 1970 sit
1365 1947 1398 1970 v.
1416 1936 1493 1970 261.
1505 1947 1573 1981 pro
1587 1942 1715 1981 oportet

378 1985 573 2020 scribentis
596 1985 844 2030 praetermisi,
869 1996 939 2020 nec
963 1997 995 2020 v.
1020 1986 1086 2021 188
1115 1992 1207 2020 tanto
1230 1987 1355 2020 scelere
1379 1987 1543 2020 damnare
1559 1987 1715 2031 puellam

378 2035 573 2070 emendare
586 2045 698 2069 ausus
712 2045 790 2069 sum
798 2061 807 2079 ,
822 2046 1043 2081 quamquam
1056 2039 1121 2070 aut
1131 2035 1357 2070 modulatum
1369 2039 1433 2070 aut
1445 2034 1619 2070 Latinum
1631 2045 1714 2070 esse

378 2085 601 2120 contendere
614 2084 744 2129 nolim3
761 2088 928 2130 praestat
940 2088 1072 2129 autem,
1087 2084 1229 2130 opinor,
1243 2084 1281 2120 in
1292 2084 1365 2120 hoc
1379 2085 1536 2120 carmine
1550 2084 1714 2119 timidum

376 2135 494 2180 magis
513 2145 595 2169 esse
614 2145 724 2180 quam
743 2135 933 2170 audacem.
978 2135 1077 2170 Nolo
1095 2138 1218 2169 tamen
1231 2134 1282 2179 ei,
1308 2135 1370 2181 qui
1384 2145 1531 2169 carmen
1549 2134 1622 2169 hoc
1634 2145 1715 2179 per-

376 2184 591 2229 poliendum
610 2184 680 2219 sibi
705 2184 918 2230 sumpserit,
943 2185 1170 2230 praeclaram
1187 2185 1397 2220 Marklandi
1421 2184 1715 2219 emendationem

378 2235 427 2269 ad
445 2233 553 2269 Statii
565 2233 653 2269 silv.
666 2234 696 2279 1,
710 2235 743 2279 6,
755 2234 801 2269 24
822 2235 1049 2280 propositam
1066 2234 1248 2280 invidere,
1273 2234 1336 2281 qui
1354 2246 1386 2269 v.
1406 2235 1460 2268 20.
1479 2245 1547 2279 pro
1566 2235 1715 2268 intexens

379 2284 539 2319 correxit
560 2285 720 2328 intexem,
745 2283 769 2318 i.
791 2295 822 2319 e.
841 2284 1065 2319 intexissem.
1118 2285 1222 2326 Quae
1242 2295 1352 2330 quum
1372 2283 1554 2329 Silligium
1572 2281 1714 2328 fugisse

378 2334 563 2378 videatur,
600 2334 799 2369 verendum
829 2338 908 2369 erat
936 2345 983 2370 ne
1015 2334 1200 2370 oblivione
1231 2330 1410 2369 immerita
1440 2333 1714 2379 opprimeretur.

378 2385 576 2419 Praeterea
590 2383 661 2419 Gu.
673 2383 817 2419 Puetzii
828 2384 1089 2420 adnotationes
1102 2385 1151 2420 ad
1165 2384 1266 2422 Cirin
1280 2384 1428 2429 (Colon.
1442 2384 1544 2430 1846)
1558 2395 1639 2418 cum
1647 2383 1714 2418 Sil-

378 2433 526 2480 ligianis
539 2434 734 2469 contulisse
746 2434 846 2469 haud
859 2434 1075 2479 paenitebit.
1102 2435 1284 2470 Graserus
1297 2445 1384 2470 vero
1399 2434 1452 2480 (in
1459 2444 1582 2478 progr.
1591 2444 1713 2477 gymn.

380 2485 525 2521 Guben.
543 2484 645 2531 1835)
669 2487 779 2530 atque
799 2484 944 2519 Keilius
968 2484 1021 2531 (in
1040 2485 1209 2520 observv.
1229 2484 1307 2520 crit.
1324 2484 1363 2519 in
1379 2484 1567 2527 Propert„
1591 2482 1712 2516 Bonn.

332 2563 336 2566 .
379 2533 483 2578 1843)
509 2533 578 2569 etsi
601 2534 787 2580 sagaciter
810 2535 1016 2580 complures
1042 2534 1204 2570 eiusdem
1224 2533 1392 2569 carminis
1415 2533 1520 2568 locos
1544 2532 1714 2567 emenda-

378 2587 528 2627 verunt,
556 2587 699 2619 tantum
721 2589 844 2620 tamen
866 2584 1042 2620 remansit
1065 2584 1322 2628 dubitationis,
1352 2585 1394 2618 ut
1420 2582 1560 2617 nullam
1589 2592 1714 2617 earum

380 2633 677 2667 emendationum
688 2634 900 2679 reciperem.

446 2682 489 2716 In
503 2680 631 2717 Catal
639 2693 658 2717 e
667 2683 727 2718 cti
736 2695 752 2717 s
772 2695 867 2729 quae
879 2683 1036 2730 Vergilii
1049 2683 1123 2718 sint
1137 2693 1279 2728 semper
1289 2681 1504 2727 ambigetur.
1535 2680 1713 2716 Octavum

382 2743 545 2776 carmen,
571 2733 670 2778 quod
686 2731 860 2768 Sabinum
883 2733 1112 2779 inscribitur,
1124 2731 1280 2778 Vergilii
1298 2731 1386 2778 quin
1411 2731 1457 2765 sit
1474 2741 1550 2766 non
1568 2729 1713 2765 dubitat
