1794 3048
301 527 364 558 340

298 833 362 862 345

299 1135 364 1166 350

300 1438 364 1468 355

301 1740 365 1770 360

301 2040 364 2071 365

301 2343 365 2373 370

302 2643 366 2674 375

387 285 440 327 98
786 293 828 327 P.
848 292 1077 328 VERGILII
1096 290 1320 328 MARONIS

386 393 546 435 Punica
567 408 696 448 regna
718 392 851 441 vides,
877 391 1027 446 Tyrios
1051 397 1092 432 et
1114 390 1320 446 Agenoris
1343 392 1506 444 urbem3

388 455 461 495 sed
483 454 585 494 fines
610 452 778 506 Libyci,
803 466 934 506 genus
958 451 1212 493 intractabile
1234 451 1356 493 bello,

388 515 602 569 imperium
624 513 738 554 Dido
764 512 890 567 Tyria
911 512 1017 568 regit
1038 512 1139 554 urbe
1161 512 1357 567 profecta,

386 589 626 630 germanum
649 573 826 629 fugiens.
852 573 976 629 longa
999 579 1061 615 est
1081 573 1247 623 iniuria,
1271 573 1418 629 longae

386 635 600 689 ambages3
627 634 699 675 sed
723 648 884 675 summa
908 647 1055 687 sequar
1078 634 1244 689 fastigia
1265 648 1412 675 rerum.

384 696 480 737 huic
504 695 682 736 coniunx
707 693 919 749 Sychaeus
944 700 1048 744 erat,
1073 694 1297 735 ditissimus
1322 695 1410 750 agri

384 756 639 798 Phoenicum
663 761 702 796 et
726 770 877 810 magno
899 755 1072 797 miserae
1096 754 1268 796 dilectus
1292 770 1442 804 amore,

387 818 452 860 cui
475 822 591 872 pater
612 816 805 857 intactam
829 816 1014 866 dederat,
1038 816 1261 871 primisque
1284 816 1444 872 iugarat

387 877 603 920 ominibus.
630 877 703 918 sed
725 891 853 932 regna
877 876 977 931 Tyri
999 891 1218 932 germanus
1242 876 1420 918 habebat

385 938 650 995 Pygmalion,
676 937 828 979 scelere
852 943 946 979 ante
969 937 1071 979 alios
1095 937 1297 978 inmanior
1319 937 1464 978 omnis.

386 1015 489 1054 quos
513 999 617 1040 inter
639 998 798 1039 medius
821 999 933 1040 venit
955 998 1080 1040 furor.
1105 998 1173 1039 ille
1198 997 1433 1052 Sychaeum

387 1060 522 1115 inpius
547 1065 640 1100 ante
664 1074 755 1100 aras
779 1065 901 1113 atque
925 1059 1015 1100 auri
1041 1073 1189 1100 caecus
1213 1073 1350 1100 amore

387 1121 493 1162 clam
516 1120 623 1161 ferro
646 1119 856 1160 incautum
881 1125 1063 1174 superat,
1089 1133 1257 1160 securus
1281 1133 1466 1171 amorum

386 1194 624 1238 germanae3
648 1180 884 1233 factumque
908 1180 979 1221 diu
1002 1179 1167 1230 celavit,
1192 1185 1232 1220 et
1256 1194 1422 1235 aegram

386 1242 515 1283 multa
537 1240 669 1282 malus
695 1240 892 1282 simulans
916 1255 1023 1282 vana
1047 1254 1120 1294 spe
1142 1240 1242 1281 lusit
1264 1246 1480 1281 amantem.

389 1303 480 1357 ipsa
504 1302 577 1344 sed
599 1301 643 1342 in
666 1301 820 1343 somnis
844 1301 1045 1342 inhumati
1067 1301 1179 1342 venit
1201 1301 1339 1355 imago

389 1363 594 1418 coniugis;
618 1377 690 1403 ora
712 1362 844 1403 modis
868 1361 1056 1403 attollens
1078 1361 1232 1416 pallida
1254 1361 1366 1402 miris

392 1423 567 1465 crudelis
591 1437 682 1464 aras
704 1422 954 1475 traiectaque
976 1427 1142 1476 pectora
1166 1421 1274 1463 ferro

387 1484 573 1533 nudavit,
605 1497 852 1536 caecumque
876 1483 1021 1524 domus
1047 1483 1179 1524 scelus
1203 1497 1323 1524 omne
1346 1483 1503 1524 retexit.

387 1551 475 1585 tum
499 1544 673 1585 celerare
697 1543 840 1599 fugam
862 1544 1075 1598 patriaque
1099 1544 1294 1585 excedere
1320 1543 1475 1593 suadet,

388 1604 666 1657 auxiliumque
691 1604 782 1645 viae
806 1604 954 1645 veteris
979 1604 1121 1645 tellure
1143 1604 1316 1645 recludit

388 1665 620 1714 thesauros,
645 1665 830 1720 ignotum
853 1665 1011 1720 argenti
1033 1665 1194 1719 pondus
1219 1671 1259 1706 et
1282 1665 1381 1706 auri.

389 1726 453 1766 his
479 1731 668 1767 conmota
690 1725 835 1780 fugam
857 1725 970 1766 Dido
995 1725 1211 1779 sociosque
1234 1725 1415 1780 parabat.

390 1786 655 1835 conveniunt,
680 1786 830 1840 quibus
855 1792 926 1828 aut
949 1786 1088 1828 odium
1111 1786 1273 1828 crudele
1297 1787 1458 1841 tyranni

389 1852 460 1887 aut
482 1852 616 1887 metus
641 1861 735 1887 acer
758 1854 862 1897 erat3
886 1861 1034 1897 naves,
1059 1860 1164 1901 quae
1187 1846 1292 1888 forte
1315 1853 1493 1902 paratae,

389 1906 610 1961 corripiunt
633 1913 881 1960 onerantque
906 1922 1017 1949 auro.
1041 1913 1256 1962 portantur
1278 1908 1390 1949 avari

388 1966 671 2022 Pygmalionis
695 1981 794 2022 opes
817 1967 984 2022 pelag03
1009 1968 1095 2008 dux
1117 1967 1271 2009 femina
1292 1967 1403 2008 facti.

389 2028 587 2068 devenere
610 2027 742 2078 locos,
766 2026 838 2068 ubi
860 2041 969 2068 nunc
992 2028 1174 2083 ingentia
1196 2028 1327 2069 cernis

387 2087 549 2129 moenia
573 2093 888 2143 surgentemque
910 2103 1041 2129 novae
1063 2088 1332 2143 Karthaginis
1356 2103 1504 2139 arcem,

388 2148 638 2201 mercatique
663 2148 813 2198 solum,
838 2148 938 2189 facti
960 2149 1011 2189 de
1034 2149 1198 2198 nomine
1220 2149 1410 2204 Byrsam,

388 2208 546 2249 taurino
570 2214 767 2262 quantum
789 2215 958 2263 possent
982 2209 1231 2250 circumdare
1255 2215 1382 2264 tergo.

390 2270 463 2311 sed
485 2284 559 2311 vos
583 2269 654 2323 qui
677 2269 866 2310 tandem?
888 2269 1038 2323 quibus
1062 2276 1133 2311 aut
1154 2270 1328 2312 venistis,
1348 2269 1399 2312 ab
1424 2270 1530 2312 oris?

389 2344 523 2383 quove
547 2330 692 2371 tenetis
716 2330 847 2381 iter?“
873 2331 1082 2384 quaerenti
1106 2330 1254 2372 talibus
1277 2331 1345 2372 ille

389 2391 599 2445 suspirans
622 2390 786 2444 imoque
810 2391 974 2433 trahens
998 2407 1024 2433 a
1044 2397 1209 2446 pectore
1232 2405 1394 2443 vocem:

447 2449 515 2501 „O
540 2451 635 2500 dea,
661 2451 696 2492 si
719 2451 851 2506 prima
872 2458 1062 2507 repetens
1086 2452 1138 2494 ab
1161 2452 1317 2507 origine
1339 2466 1521 2507 pergam,

390 2517 430 2552 et
452 2516 571 2552 vacet
593 2512 749 2553 annalis
773 2517 1002 2554 nostrorum
1027 2513 1167 2559 audire
1189 2512 1388 2562 laborum,

390 2577 484 2612 ante
507 2571 617 2612 diem
639 2571 780 2614 clauso
804 2580 1007 2628 conponet
1029 2573 1192 2628 Vesper
1216 2571 1410 2628 Olympo.

389 2645 464 2672 nos
489 2631 613 2673 Troia
635 2633 821 2686 antiqua,
847 2634 883 2675 si
905 2640 1062 2676 vestras
1085 2634 1190 2675 forte
1212 2647 1286 2688 per
1307 2632 1416 2674 auris

391 2690 537 2731 Troiae
561 2706 710 2733 nomen
733 2694 796 2744 iit,
821 2694 983 2736 diversa
1005 2709 1078 2749 per
1100 2708 1277 2748 aequora
1299 2699 1437 2734 vectos
