<?xml version="1.0" encoding="UTF-8"?>
<!DOCTYPE html PUBLIC "-//W3C//DTD XHTML 1.0 Transitional//EN"
    "http://www.w3.org/TR/xhtml1/DTD/xhtml1-transitional.dtd">
<html xmlns="http://www.w3.org/1999/xhtml" xml:lang="en" lang="en">
 <head>
  <title>
</title>
<meta http-equiv="Content-Type" content="text/html;charset=utf-8" />
  <meta name='ocr-system' content='tesseract 3.04.00' />
  <meta name='ocr-capabilities' content='ocr_page ocr_carea ocr_par ocr_line ocrx_word'/>
</head>
<body>
  <div class='ocr_page' id='page_1' title='image "./operavirg00virguoft_0210.png"; bbox 0 0 1794 3048; ppageno 0'>
   <div class='ocr_carea' id='block_1_1' title="bbox 300 474 363 503">
    <p class='ocr_par' dir='ltr' id='par_1_1' title="bbox 300 474 363 503">
     <span class='ocr_line' id='line_1_1' title="bbox 300 474 363 503; baseline 0.016 -1"><span class='ocrx_word' id='word_1_1' title='bbox 300 474 363 503; x_wconf 87' lang='grc'><strong>410</strong></span> 
     </span>
    </p>
   </div>
   <div class='ocr_carea' id='block_1_2' title="bbox 299 775 362 804">
    <p class='ocr_par' dir='ltr' id='par_1_2' title="bbox 299 775 362 804">
     <span class='ocr_line' id='line_1_2' title="bbox 299 775 362 804; baseline 0.016 -1"><span class='ocrx_word' id='word_1_2' title='bbox 299 775 362 804; x_wconf 78' lang='grc'><strong>415</strong></span> 
     </span>
    </p>
   </div>
   <div class='ocr_carea' id='block_1_3' title="bbox 298 1077 363 1108">
    <p class='ocr_par' dir='ltr' id='par_1_3' title="bbox 298 1077 363 1108">
     <span class='ocr_line' id='line_1_3' title="bbox 298 1077 363 1108; baseline 0.015 -1"><span class='ocrx_word' id='word_1_3' title='bbox 298 1077 363 1108; x_wconf 81' lang='grc'><strong>420</strong></span> 
     </span>
    </p>
   </div>
   <div class='ocr_carea' id='block_1_4' title="bbox 299 1381 364 1411">
    <p class='ocr_par' dir='ltr' id='par_1_4' title="bbox 299 1381 364 1411">
     <span class='ocr_line' id='line_1_4' title="bbox 299 1381 364 1411; baseline 0 0"><span class='ocrx_word' id='word_1_4' title='bbox 299 1381 364 1411; x_wconf 82' lang='lat'><strong>425</strong></span> 
     </span>
    </p>
   </div>
   <div class='ocr_carea' id='block_1_5' title="bbox 299 1684 365 1715">
    <p class='ocr_par' dir='ltr' id='par_1_5' title="bbox 299 1684 365 1715">
     <span class='ocr_line' id='line_1_5' title="bbox 299 1684 365 1715; baseline 0.03 -2"><span class='ocrx_word' id='word_1_5' title='bbox 299 1684 365 1715; x_wconf 84' lang='lat'><strong>430</strong></span> 
     </span>
    </p>
   </div>
   <div class='ocr_carea' id='block_1_6' title="bbox 391 291 1320 332">
    <p class='ocr_par' dir='ltr' id='par_1_6' title="bbox 391 291 1320 332">
     <span class='ocr_line' id='line_1_6' title="bbox 391 291 1320 332; baseline -0.002 0"><span class='ocrx_word' id='word_1_6' title='bbox 391 293 412 332; x_wconf 94' lang='grc'>1</span> <span class='ocrx_word' id='word_1_7' title='bbox 420 291 470 332; x_wconf 74' lang='grc'><strong>78</strong></span> <span class='ocrx_word' id='word_1_8' title='bbox 790 297 831 329; x_wconf 93' lang='grc' dir='ltr'><strong>Ρ.</strong></span> <span class='ocrx_word' id='word_1_9' title='bbox 851 294 1080 330; x_wconf 76' lang='lat' dir='ltr'><strong>VERGLLII</strong></span> <span class='ocrx_word' id='word_1_10' title='bbox 1097 294 1320 332; x_wconf 71' lang='lat' dir='ltr'><strong>MARONIS</strong></span> 
     </span>
    </p>
   </div>
   <div class='ocr_carea' id='block_1_7' title="bbox 385 391 1648 1905">
    <p class='ocr_par' dir='ltr' id='par_1_7' title="bbox 389 391 1322 449">
     <span class='ocr_line' id='line_1_7' title="bbox 389 391 1322 449; baseline -0.004 -9"><span class='ocrx_word' id='word_1_11' title='bbox 389 409 474 440; x_wconf 90' lang='lat' dir='ltr'><strong>tum</strong></span> <span class='ocrx_word' id='word_1_12' title='bbox 499 399 634 439; x_wconf 87' lang='lat' dir='ltr'><strong>senior</strong></span> <span class='ocrx_word' id='word_1_13' title='bbox 658 396 748 437; x_wconf 88' lang='lat' dir='ltr'><strong>talis</strong></span> <span class='ocrx_word' id='word_1_14' title='bbox 773 394 975 436; x_wconf 85' lang='lat' dir='ltr'><strong>referebat</strong></span> <span class='ocrx_word' id='word_1_15' title='bbox 997 400 1159 449; x_wconf 79' lang='lat' dir='ltr'>pectore</span> <span class='ocrx_word' id='word_1_16' title='bbox 1183 391 1322 436; x_wconf 85' lang='lat' dir='ltr'><strong>voees:</strong></span> 
     </span>
    </p>

    <p class='ocr_par' dir='ltr' id='par_1_8' title="bbox 387 455 1463 572">
     <span class='ocr_line' id='line_1_8' title="bbox 391 455 1463 512; baseline 0 -13"><span class='ocrx_word' id='word_1_17' title='bbox 391 460 531 512; x_wconf 86' lang='lat' dir='ltr'><strong>„quid,</strong></span> <span class='ocrx_word' id='word_1_18' title='bbox 559 458 592 499; x_wconf 89' lang='lat' dir='ltr'><strong>si</strong></span> <span class='ocrx_word' id='word_1_19' title='bbox 617 457 708 510; x_wconf 88' lang='lat' dir='ltr'><strong>quis</strong></span> <span class='ocrx_word' id='word_1_20' title='bbox 733 462 895 497; x_wconf 81' lang='lat' dir='ltr'><strong>caestus</strong></span> <span class='ocrx_word' id='word_1_21' title='bbox 919 455 1048 510; x_wconf 81' lang='lat' dir='ltr'><strong>ipsius</strong></span> <span class='ocrx_word' id='word_1_22' title='bbox 1073 463 1113 496; x_wconf 89' lang='lat' dir='ltr'><strong>et</strong></span> <span class='ocrx_word' id='word_1_23' title='bbox 1136 456 1327 497; x_wconf 87' lang='lat' dir='ltr'><strong>Herculis</strong></span> <span class='ocrx_word' id='word_1_24' title='bbox 1351 473 1463 499; x_wconf 85' lang='lat' dir='ltr'><strong>arma</strong></span> 
     </span>
     <span class='ocr_line' id='line_1_9' title="bbox 387 516 1463 572; baseline 0 -14"><span class='ocrx_word' id='word_1_25' title='bbox 387 520 556 560; x_wconf 71' lang='lat' dir='ltr'><strong>vidisset</strong></span> <span class='ocrx_word' id='word_1_26' title='bbox 580 518 816 570; x_wconf 80' lang='lat' dir='ltr'><strong>tristemque</strong></span> <span class='ocrx_word' id='word_1_27' title='bbox 840 516 918 557; x_wconf 94' lang='lat' dir='ltr'><strong>hoc</strong></span> <span class='ocrx_word' id='word_1_28' title='bbox 941 516 1031 571; x_wconf 90' lang='lat' dir='ltr'><strong>ipso</strong></span> <span class='ocrx_word' id='word_1_29' title='bbox 1054 516 1098 556; x_wconf 88' lang='lat' dir='ltr'><strong>in</strong></span> <span class='ocrx_word' id='word_1_30' title='bbox 1119 516 1235 557; x_wconf 91' lang='lat' dir='ltr'><strong>litore</strong></span> <span class='ocrx_word' id='word_1_31' title='bbox 1258 518 1463 572; x_wconf 84' lang='lat' dir='ltr'><strong>pugnam?</strong></span> 
     </span>
    </p>

    <p class='ocr_par' dir='ltr' id='par_1_9' title="bbox 386 577 1639 876">
     <span class='ocr_line' id='line_1_10' title="bbox 387 577 1639 634; baseline 0 -14"><span class='ocrx_word' id='word_1_32' title='bbox 387 581 486 620; x_wconf 86' lang='lat' dir='ltr'><strong>haec</strong></span> <span class='ocrx_word' id='word_1_33' title='bbox 509 594 728 634; x_wconf 84' lang='lat' dir='ltr'><strong>germanus</strong></span> <span class='ocrx_word' id='word_1_34' title='bbox 753 578 870 632; x_wconf 85' lang='lat' dir='ltr'><strong>Eryx</strong></span> <span class='ocrx_word' id='word_1_35' title='bbox 893 577 1099 631; x_wconf 87' lang='lat' dir='ltr'><strong>quondam</strong></span> <span class='ocrx_word' id='word_1_36' title='bbox 1123 583 1216 618; x_wconf 90' lang='lat' dir='ltr'><strong>tuus</strong></span> <span class='ocrx_word' id='word_1_37' title='bbox 1242 593 1354 619; x_wconf 87' lang='lat' dir='ltr'><strong>arma</strong></span> <span class='ocrx_word' id='word_1_38' title='bbox 1376 578 1541 633; x_wconf 87' lang='lat' dir='ltr'><strong>gerebat</strong></span> <span class='ocrx_word' id='word_1_39' title='bbox 1549 595 1560 629; x_wconf 83' lang='lat'><em>3</em></span> <span class='ocrx_word' id='word_1_40' title='bbox 1587 604 1639 609; x_wconf 83' lang='lat'><strong>——</strong></span> 
     </span>
     <span class='ocr_line' id='line_1_11' title="bbox 388 638 1606 695; baseline -0.001 -14"><span class='ocrx_word' id='word_1_41' title='bbox 388 640 586 695; x_wconf 87' lang='lat' dir='ltr'><strong>sanguine</strong></span> <span class='ocrx_word' id='word_1_42' title='bbox 611 639 741 680; x_wconf 89' lang='lat' dir='ltr'><strong>cernis</strong></span> <span class='ocrx_word' id='word_1_43' title='bbox 766 638 900 679; x_wconf 84' lang='lat' dir='ltr'><strong>adhuc</strong></span> <span class='ocrx_word' id='word_1_44' title='bbox 924 652 1147 692; x_wconf 84' lang='lat' dir='ltr'><strong>sparsoque</strong></span> <span class='ocrx_word' id='word_1_45' title='bbox 1171 638 1323 680; x_wconf 87' lang='lat' dir='ltr'><strong>infecta</strong></span> <span class='ocrx_word' id='word_1_46' title='bbox 1347 639 1528 690; x_wconf 85' lang='lat' dir='ltr'><strong>cerebr03</strong></span> <span class='ocrx_word' id='word_1_47' title='bbox 1555 665 1606 669; x_wconf 80' lang='lat'><strong>——</strong></span> 
     </span>
     <span class='ocr_line' id='line_1_12' title="bbox 386 699 1561 755; baseline 0 -14"><span class='ocrx_word' id='word_1_48' title='bbox 386 701 450 741; x_wconf 91' lang='lat' dir='ltr'><strong>his</strong></span> <span class='ocrx_word' id='word_1_49' title='bbox 474 715 670 755; x_wconf 85' lang='lat' dir='ltr'><strong>magnum</strong></span> <span class='ocrx_word' id='word_1_50' title='bbox 695 699 872 740; x_wconf 84' lang='lat' dir='ltr'><strong>Alciden</strong></span> <span class='ocrx_word' id='word_1_51' title='bbox 900 704 1040 740; x_wconf 88' lang='lat' dir='ltr'><strong>contra</strong></span> <span class='ocrx_word' id='word_1_52' title='bbox 1064 699 1192 749; x_wconf 86' lang='lat' dir='ltr'><strong>stetit3</strong></span> <span class='ocrx_word' id='word_1_53' title='bbox 1217 699 1280 740; x_wconf 88' lang='lat' dir='ltr'><strong>his</strong></span> <span class='ocrx_word' id='word_1_54' title='bbox 1306 714 1383 755; x_wconf 85' lang='lat' dir='ltr'><strong>ego</strong></span> <span class='ocrx_word' id='word_1_55' title='bbox 1409 707 1561 750; x_wconf 77' lang='lat' dir='ltr'><strong>suetus,</strong></span> 
     </span>
     <span class='ocr_line' id='line_1_13' title="bbox 387 759 1513 815; baseline -0.001 -13"><span class='ocrx_word' id='word_1_56' title='bbox 387 762 486 802; x_wconf 90' lang='lat' dir='ltr'><strong>dum</strong></span> <span class='ocrx_word' id='word_1_57' title='bbox 509 761 651 801; x_wconf 89' lang='lat' dir='ltr'><strong>melior</strong></span> <span class='ocrx_word' id='word_1_58' title='bbox 676 760 772 801; x_wconf 92' lang='lat' dir='ltr'><strong>viris</strong></span> <span class='ocrx_word' id='word_1_59' title='bbox 798 759 965 815; x_wconf 87' lang='lat' dir='ltr'><strong>sanguis</strong></span> <span class='ocrx_word' id='word_1_60' title='bbox 989 759 1132 810; x_wconf 85' lang='lat' dir='ltr'><strong>dabat,</strong></span> <span class='ocrx_word' id='word_1_61' title='bbox 1157 760 1318 801; x_wconf 83' lang='lat' dir='ltr'><strong>aemula</strong></span> <span class='ocrx_word' id='word_1_62' title='bbox 1340 760 1513 802; x_wconf 86' lang='lat' dir='ltr'><strong>necdum</strong></span> 
     </span>
     <span class='ocr_line' id='line_1_14' title="bbox 386 819 1424 876; baseline -0.001 -13"><span class='ocrx_word' id='word_1_63' title='bbox 386 821 637 876; x_wconf 83' lang='lat' dir='ltr'><strong>temporibus</strong></span> <span class='ocrx_word' id='word_1_64' title='bbox 662 820 836 876; x_wconf 83' lang='lat' dir='ltr'><strong>geminis</strong></span> <span class='ocrx_word' id='word_1_65' title='bbox 861 819 1033 861; x_wconf 83' lang='lat' dir='ltr'><strong>canebat</strong></span> <span class='ocrx_word' id='word_1_66' title='bbox 1057 835 1199 874; x_wconf 88' lang='lat' dir='ltr'><strong>sparsa</strong></span> <span class='ocrx_word' id='word_1_67' title='bbox 1223 827 1424 862; x_wconf 90' lang='lat' dir='ltr'><strong>senectus.</strong></span> 
     </span>
    </p>

    <p class='ocr_par' dir='ltr' id='par_1_10' title="bbox 385 880 1492 1058">
     <span class='ocr_line' id='line_1_15' title="bbox 387 880 1469 931; baseline 0 -8"><span class='ocrx_word' id='word_1_68' title='bbox 387 883 460 923; x_wconf 89' lang='lat' dir='ltr'><strong>sed</strong></span> <span class='ocrx_word' id='word_1_69' title='bbox 484 882 519 923; x_wconf 90' lang='lat' dir='ltr'><strong>si</strong></span> <span class='ocrx_word' id='word_1_70' title='bbox 541 889 681 922; x_wconf 84' lang='lat' dir='ltr'><strong>nostra</strong></span> <span class='ocrx_word' id='word_1_71' title='bbox 702 881 838 922; x_wconf 84' lang='lat' dir='ltr'><strong>Dares</strong></span> <span class='ocrx_word' id='word_1_72' title='bbox 863 880 964 921; x_wconf 89' lang='lat' dir='ltr'><strong>haec</strong></span> <span class='ocrx_word' id='word_1_73' title='bbox 988 880 1136 922; x_wconf 84' lang='lat' dir='ltr'><strong>Troius</strong></span> <span class='ocrx_word' id='word_1_74' title='bbox 1161 896 1273 922; x_wconf 86' lang='lat' dir='ltr'><strong>arma</strong></span> <span class='ocrx_word' id='word_1_75' title='bbox 1294 887 1469 931; x_wconf 83' lang='lat' dir='ltr'><strong>recusat,</strong></span> 
     </span>
     <span class='ocr_line' id='line_1_16' title="bbox 385 940 1492 997; baseline -0.001 -13"><span class='ocrx_word' id='word_1_76' title='bbox 385 944 509 996; x_wconf 88' lang='lat' dir='ltr'><strong>idque</strong></span> <span class='ocrx_word' id='word_1_77' title='bbox 531 943 600 997; x_wconf 90' lang='lat' dir='ltr'><strong>pio</strong></span> <span class='ocrx_word' id='word_1_78' title='bbox 625 942 740 983; x_wconf 90' lang='lat' dir='ltr'><strong>sedet</strong></span> <span class='ocrx_word' id='word_1_79' title='bbox 762 940 949 991; x_wconf 85' lang='lat' dir='ltr'><strong>Aeneae,</strong></span> <span class='ocrx_word' id='word_1_80' title='bbox 974 940 1120 996; x_wconf 89' lang='lat' dir='ltr'><strong>probat</strong></span> <span class='ocrx_word' id='word_1_81' title='bbox 1142 948 1282 983; x_wconf 88' lang='lat' dir='ltr'><strong>auctor</strong></span> <span class='ocrx_word' id='word_1_82' title='bbox 1303 941 1492 991; x_wconf 83' lang='lat' dir='ltr'><strong>Acestes,</strong></span> 
     </span>
     <span class='ocr_line' id='line_1_17' title="bbox 387 1002 1416 1058; baseline -0.001 -13"><span class='ocrx_word' id='word_1_83' title='bbox 387 1018 608 1057; x_wconf 84' lang='lat' dir='ltr'><strong>aequemus</strong></span> <span class='ocrx_word' id='word_1_84' title='bbox 632 1014 806 1058; x_wconf 86' lang='lat' dir='ltr'><strong>pugnas.</strong></span> <span class='ocrx_word' id='word_1_85' title='bbox 831 1002 979 1056; x_wconf 86' lang='lat' dir='ltr'><strong>Erycis</strong></span> <span class='ocrx_word' id='word_1_86' title='bbox 1004 1002 1077 1043; x_wconf 87' lang='lat' dir='ltr'><strong>tibi</strong></span> <span class='ocrx_word' id='word_1_87' title='bbox 1101 1008 1215 1058; x_wconf 88' lang='lat' dir='ltr'><strong>terga</strong></span> <span class='ocrx_word' id='word_1_88' title='bbox 1237 1003 1416 1052; x_wconf 83' lang='lat' dir='ltr'><strong>remitt03</strong></span> 
     </span>
    </p>

    <p class='ocr_par' dir='ltr' id='par_1_11' title="bbox 389 1062 1391 1112">
     <span class='ocr_line' id='line_1_18' title="bbox 389 1062 1391 1112; baseline -0.001 -7"><span class='ocrx_word' id='word_1_89' title='bbox 389 1064 500 1105; x_wconf 85' lang='lat' dir='ltr'><strong>solve</strong></span> <span class='ocrx_word' id='word_1_90' title='bbox 525 1069 657 1104; x_wconf 92' lang='lat' dir='ltr'><strong>metus</strong></span> <span class='ocrx_word' id='word_1_91' title='bbox 666 1079 677 1112; x_wconf 83' lang='lat'><em>3</em></span> <span class='ocrx_word' id='word_1_92' title='bbox 702 1069 742 1104; x_wconf 91' lang='lat' dir='ltr'><strong>et</strong></span> <span class='ocrx_word' id='word_1_93' title='bbox 766 1068 810 1103; x_wconf 90' lang='lat' dir='ltr'><strong>tu</strong></span> <span class='ocrx_word' id='word_1_94' title='bbox 834 1062 1033 1104; x_wconf 87' lang='lat' dir='ltr'><strong>Troianos</strong></span> <span class='ocrx_word' id='word_1_95' title='bbox 1064 1077 1166 1103; x_wconf 87' lang='lat' dir='ltr'><strong>exue</strong></span> <span class='ocrx_word' id='word_1_96' title='bbox 1191 1066 1391 1105; x_wconf 88' lang='lat' dir='ltr'><strong>caestus.“</strong></span> 
     </span>
    </p>

    <p class='ocr_par' dir='ltr' id='par_1_12' title="bbox 387 1123 1519 1178">
     <span class='ocr_line' id='line_1_19' title="bbox 387 1123 1519 1178; baseline -0.002 -13"><span class='ocrx_word' id='word_1_97' title='bbox 387 1125 488 1166; x_wconf 88' lang='lat' dir='ltr'><strong>haec</strong></span> <span class='ocrx_word' id='word_1_98' title='bbox 512 1124 620 1165; x_wconf 87' lang='lat' dir='ltr'><strong>fatus</strong></span> <span class='ocrx_word' id='word_1_99' title='bbox 645 1123 848 1178; x_wconf 79' lang='lat' dir='ltr'><strong>duplicem</strong></span> <span class='ocrx_word' id='word_1_100' title='bbox 873 1137 925 1164; x_wconf 90' lang='lat' dir='ltr'><strong>ex</strong></span> <span class='ocrx_word' id='word_1_101' title='bbox 947 1123 1128 1164; x_wconf 89' lang='lat' dir='ltr'><strong>humeris</strong></span> <span class='ocrx_word' id='word_1_102' title='bbox 1152 1124 1291 1164; x_wconf 91' lang='lat' dir='ltr'><strong>reiecit</strong></span> <span class='ocrx_word' id='word_1_103' title='bbox 1315 1124 1519 1173; x_wconf 89' lang='lat' dir='ltr'><strong>amictum,</strong></span> 
     </span>
    </p>

    <p class='ocr_par' dir='ltr' id='par_1_13' title="bbox 388 1183 1648 1300">
     <span class='ocr_line' id='line_1_20' title="bbox 388 1183 1648 1240; baseline -0.001 -14"><span class='ocrx_word' id='word_1_104' title='bbox 388 1191 429 1226; x_wconf 93' lang='lat' dir='ltr'><strong>et</strong></span> <span class='ocrx_word' id='word_1_105' title='bbox 451 1200 623 1240; x_wconf 88' lang='lat' dir='ltr'><strong>magnos</strong></span> <span class='ocrx_word' id='word_1_106' title='bbox 648 1183 924 1225; x_wconf 90' lang='lat' dir='ltr'><strong>membrorum</strong></span> <span class='ocrx_word' id='word_1_107' title='bbox 947 1190 1078 1234; x_wconf 87' lang='lat' dir='ltr'><strong>artus,</strong></span> <span class='ocrx_word' id='word_1_108' title='bbox 1104 1199 1254 1239; x_wconf 86' lang='lat' dir='ltr'><strong>magna</strong></span> <span class='ocrx_word' id='word_1_109' title='bbox 1277 1199 1372 1225; x_wconf 89' lang='lat' dir='ltr'><strong>ossa</strong></span> <span class='ocrx_word' id='word_1_110' title='bbox 1394 1184 1648 1238; x_wconf 86' lang='lat' dir='ltr'><strong>lacertosque</strong></span> 
     </span>
     <span class='ocr_line' id='line_1_21' title="bbox 388 1245 1338 1300; baseline 0 -14"><span class='ocrx_word' id='word_1_111' title='bbox 388 1246 500 1287; x_wconf 87' lang='lat' dir='ltr'><strong>exuit</strong></span> <span class='ocrx_word' id='word_1_112' title='bbox 524 1251 644 1299; x_wconf 89' lang='lat' dir='ltr'><strong>atque</strong></span> <span class='ocrx_word' id='word_1_113' title='bbox 668 1245 813 1300; x_wconf 86' lang='lat' dir='ltr'><strong>ingens</strong></span> <span class='ocrx_word' id='word_1_114' title='bbox 838 1245 973 1285; x_wconf 91' lang='lat' dir='ltr'><strong>media</strong></span> <span class='ocrx_word' id='word_1_115' title='bbox 996 1245 1181 1285; x_wconf 89' lang='lat' dir='ltr'><strong>consistit</strong></span> <span class='ocrx_word' id='word_1_116' title='bbox 1205 1260 1338 1286; x_wconf 86' lang='lat' dir='ltr'><strong>arena.</strong></span> 
     </span>
    </p>

    <p class='ocr_par' dir='ltr' id='par_1_14' title="bbox 387 1305 1494 1359">
     <span class='ocr_line' id='line_1_22' title="bbox 387 1305 1494 1359; baseline -0.002 -11"><span class='ocrx_word' id='word_1_117' title='bbox 387 1314 474 1348; x_wconf 94' lang='lat' dir='ltr'><strong>tum</strong></span> <span class='ocrx_word' id='word_1_118' title='bbox 498 1312 610 1348; x_wconf 89' lang='lat' dir='ltr'><strong>satus</strong></span> <span class='ocrx_word' id='word_1_119' title='bbox 635 1305 821 1347; x_wconf 90' lang='lat' dir='ltr'><strong>Anchisa</strong></span> <span class='ocrx_word' id='word_1_120' title='bbox 844 1311 1005 1346; x_wconf 87' lang='lat' dir='ltr'><strong>caestus</strong></span> <span class='ocrx_word' id='word_1_121' title='bbox 1029 1311 1146 1359; x_wconf 78' lang='lat' dir='ltr'><strong>pater</strong></span> <span class='ocrx_word' id='word_1_122' title='bbox 1174 1307 1316 1346; x_wconf 86' lang='lat' dir='ltr'><strong>extulit</strong></span> <span class='ocrx_word' id='word_1_123' title='bbox 1341 1320 1494 1359; x_wconf 87' lang='lat' dir='ltr'><strong>aequos</strong></span> 
     </span>
    </p>

    <p class='ocr_par' dir='ltr' id='par_1_15' title="bbox 387 1365 1593 1725">
     <span class='ocr_line' id='line_1_23' title="bbox 388 1365 1405 1422; baseline -0.002 -14"><span class='ocrx_word' id='word_1_124' title='bbox 388 1373 427 1408; x_wconf 91' lang='lat' dir='ltr'><strong>et</strong></span> <span class='ocrx_word' id='word_1_125' title='bbox 450 1366 618 1422; x_wconf 86' lang='lat' dir='ltr'><strong>paribus</strong></span> <span class='ocrx_word' id='word_1_126' title='bbox 642 1366 800 1421; x_wconf 88' lang='lat' dir='ltr'><strong>palmas</strong></span> <span class='ocrx_word' id='word_1_127' title='bbox 825 1365 1039 1407; x_wconf 86' lang='lat' dir='ltr'><strong>amborum</strong></span> <span class='ocrx_word' id='word_1_128' title='bbox 1062 1365 1246 1406; x_wconf 82' lang='lat' dir='ltr'><strong>innexuit</strong></span> <span class='ocrx_word' id='word_1_129' title='bbox 1269 1367 1405 1407; x_wconf 89' lang='lat' dir='ltr'><strong>armis.</strong></span> 
     </span>
     <span class='ocr_line' id='line_1_24' title="bbox 388 1426 1444 1482; baseline -0.001 -13"><span class='ocrx_word' id='word_1_130' title='bbox 388 1427 568 1469; x_wconf 89' lang='lat' dir='ltr'><strong>constitit</strong></span> <span class='ocrx_word' id='word_1_131' title='bbox 590 1426 633 1467; x_wconf 90' lang='lat' dir='ltr'><strong>in</strong></span> <span class='ocrx_word' id='word_1_132' title='bbox 657 1426 807 1482; x_wconf 86' lang='lat' dir='ltr'><strong>digitos</strong></span> <span class='ocrx_word' id='word_1_133' title='bbox 832 1426 1036 1480; x_wconf 91' lang='lat' dir='ltr'><strong>extemplo</strong></span> <span class='ocrx_word' id='word_1_134' title='bbox 1060 1432 1239 1468; x_wconf 88' lang='lat' dir='ltr'><strong>arrectus</strong></span> <span class='ocrx_word' id='word_1_135' title='bbox 1263 1433 1444 1481; x_wconf 83' lang='lat' dir='ltr'><strong>uterque,</strong></span> 
     </span>
     <span class='ocr_line' id='line_1_25' title="bbox 387 1486 1455 1541; baseline 0 -12"><span class='ocrx_word' id='word_1_136' title='bbox 387 1487 634 1540; x_wconf 89' lang='lat' dir='ltr'><strong>brachiaque</strong></span> <span class='ocrx_word' id='word_1_137' title='bbox 658 1487 711 1533; x_wconf 83' lang='lat' dir='ltr'><strong>ad</strong></span> <span class='ocrx_word' id='word_1_138' title='bbox 735 1501 903 1541; x_wconf 85' lang='lat' dir='ltr'><strong>superas</strong></span> <span class='ocrx_word' id='word_1_139' title='bbox 927 1486 1132 1528; x_wconf 86' lang='lat' dir='ltr'><strong>interritus</strong></span> <span class='ocrx_word' id='word_1_140' title='bbox 1157 1487 1300 1528; x_wconf 89' lang='lat' dir='ltr'><strong>extulit</strong></span> <span class='ocrx_word' id='word_1_141' title='bbox 1323 1503 1455 1529; x_wconf 86' lang='lat' dir='ltr'><strong>auras.</strong></span> 
     </span>
     <span class='ocr_line' id='line_1_26' title="bbox 389 1547 1372 1602; baseline 0 -13"><span class='ocrx_word' id='word_1_142' title='bbox 389 1548 595 1589; x_wconf 78' lang='lat' dir='ltr'><strong>abduxere</strong></span> <span class='ocrx_word' id='word_1_143' title='bbox 618 1553 725 1589; x_wconf 91' lang='lat' dir='ltr'><strong>retro</strong></span> <span class='ocrx_word' id='word_1_144' title='bbox 749 1547 870 1602; x_wconf 86' lang='lat' dir='ltr'><strong>longe</strong></span> <span class='ocrx_word' id='word_1_145' title='bbox 894 1547 1028 1601; x_wconf 89' lang='lat' dir='ltr'><strong>capita</strong></span> <span class='ocrx_word' id='word_1_146' title='bbox 1052 1548 1179 1589; x_wconf 90' lang='lat' dir='ltr'><strong>ardua</strong></span> <span class='ocrx_word' id='word_1_147' title='bbox 1201 1548 1253 1589; x_wconf 89' lang='lat' dir='ltr'><strong>ab</strong></span> <span class='ocrx_word' id='word_1_148' title='bbox 1276 1548 1372 1598; x_wconf 90' lang='lat' dir='ltr'><strong>ictu,</strong></span> 
     </span>
     <span class='ocr_line' id='line_1_27' title="bbox 387 1608 1593 1664; baseline 0.001 -14"><span class='ocrx_word' id='word_1_149' title='bbox 387 1610 685 1662; x_wconf 90' lang='lat' dir='ltr'><strong>inmiscentque</strong></span> <span class='ocrx_word' id='word_1_150' title='bbox 708 1623 854 1650; x_wconf 87' lang='lat' dir='ltr'><strong>manus</strong></span> <span class='ocrx_word' id='word_1_151' title='bbox 878 1608 1067 1649; x_wconf 88' lang='lat' dir='ltr'><strong>manibus</strong></span> <span class='ocrx_word' id='word_1_152' title='bbox 1090 1623 1353 1664; x_wconf 85' lang='lat' dir='ltr'><strong>pugnamque</strong></span> <span class='ocrx_word' id='word_1_153' title='bbox 1376 1610 1593 1651; x_wconf 87' lang='lat' dir='ltr'><strong>lacessunt.</strong></span> 
     </span>
     <span class='ocr_line' id='line_1_28' title="bbox 387 1669 1371 1725; baseline -0.001 -14"><span class='ocrx_word' id='word_1_154' title='bbox 387 1670 454 1711; x_wconf 92' lang='lat' dir='ltr'><strong>ille</strong></span> <span class='ocrx_word' id='word_1_155' title='bbox 478 1670 629 1725; x_wconf 91' lang='lat' dir='ltr'><strong>pedum</strong></span> <span class='ocrx_word' id='word_1_156' title='bbox 658 1669 801 1710; x_wconf 88' lang='lat' dir='ltr'><strong>melior</strong></span> <span class='ocrx_word' id='word_1_157' title='bbox 822 1675 937 1710; x_wconf 90' lang='lat' dir='ltr'><strong>motu</strong></span> <span class='ocrx_word' id='word_1_158' title='bbox 960 1669 1170 1723; x_wconf 87' lang='lat' dir='ltr'><strong>fretusque</strong></span> <span class='ocrx_word' id='word_1_159' title='bbox 1194 1670 1371 1720; x_wconf 88' lang='lat' dir='ltr'><strong>iuventa,</strong></span> 
     </span>
    </p>

    <p class='ocr_par' dir='ltr' id='par_1_16' title="bbox 387 1730 1538 1905">
     <span class='ocr_line' id='line_1_29' title="bbox 387 1730 1498 1780; baseline -0.001 -8"><span class='ocrx_word' id='word_1_160' title='bbox 387 1731 455 1772; x_wconf 89' lang='lat' dir='ltr'><strong>hic</strong></span> <span class='ocrx_word' id='word_1_161' title='bbox 478 1730 671 1773; x_wconf 86' lang='lat' dir='ltr'><strong>membris</strong></span> <span class='ocrx_word' id='word_1_162' title='bbox 696 1736 736 1771; x_wconf 92' lang='lat' dir='ltr'><strong>et</strong></span> <span class='ocrx_word' id='word_1_163' title='bbox 759 1730 866 1772; x_wconf 91' lang='lat' dir='ltr'><strong>mole</strong></span> <span class='ocrx_word' id='word_1_164' title='bbox 890 1730 1050 1780; x_wconf 81' lang='lat' dir='ltr'><strong>valens3</strong></span> <span class='ocrx_word' id='word_1_165' title='bbox 1076 1730 1151 1772; x_wconf 86' lang='lat' dir='ltr'><strong>sed</strong></span> <span class='ocrx_word' id='word_1_166' title='bbox 1173 1731 1288 1773; x_wconf 85' lang='lat' dir='ltr'><strong>tarda</strong></span> <span class='ocrx_word' id='word_1_167' title='bbox 1311 1731 1498 1772; x_wconf 89' lang='lat' dir='ltr'><strong>trementi</strong></span> 
     </span>
     <span class='ocr_line' id='line_1_30' title="bbox 388 1791 1538 1847; baseline 0 -15"><span class='ocrx_word' id='word_1_168' title='bbox 388 1806 523 1847; x_wconf 87' lang='lat' dir='ltr'><strong>genua</strong></span> <span class='ocrx_word' id='word_1_169' title='bbox 545 1791 703 1841; x_wconf 89' lang='lat' dir='ltr'><strong>labant,</strong></span> <span class='ocrx_word' id='word_1_170' title='bbox 728 1797 867 1832; x_wconf 86' lang='lat' dir='ltr'><strong>vastos</strong></span> <span class='ocrx_word' id='word_1_171' title='bbox 892 1791 1021 1845; x_wconf 87' lang='lat' dir='ltr'><strong>quatit</strong></span> <span class='ocrx_word' id='word_1_172' title='bbox 1044 1806 1167 1847; x_wconf 85' lang='lat' dir='ltr'><strong>aeger</strong></span> <span class='ocrx_word' id='word_1_173' title='bbox 1190 1792 1390 1833; x_wconf 86' lang='lat' dir='ltr'><strong>anhelitus</strong></span> <span class='ocrx_word' id='word_1_174' title='bbox 1415 1798 1538 1834; x_wconf 85' lang='lat' dir='ltr'><strong>artus.</strong></span> 
     </span>
     <span class='ocr_line' id='line_1_31' title="bbox 387 1852 1455 1905; baseline 0.002 -13"><span class='ocrx_word' id='word_1_175' title='bbox 387 1852 517 1893; x_wconf 87' lang='lat' dir='ltr'><strong>multa</strong></span> <span class='ocrx_word' id='word_1_176' title='bbox 539 1852 614 1892; x_wconf 89' lang='lat' dir='ltr'><strong>viri</strong></span> <span class='ocrx_word' id='word_1_177' title='bbox 638 1852 886 1905; x_wconf 86' lang='lat' dir='ltr'><strong>nequiquam</strong></span> <span class='ocrx_word' id='word_1_178' title='bbox 909 1853 1014 1893; x_wconf 91' lang='lat' dir='ltr'><strong>inter</strong></span> <span class='ocrx_word' id='word_1_179' title='bbox 1036 1867 1081 1894; x_wconf 89' lang='lat' dir='ltr'><strong>se</strong></span> <span class='ocrx_word' id='word_1_180' title='bbox 1104 1853 1270 1894; x_wconf 88' lang='lat' dir='ltr'><strong>volnera</strong></span> <span class='ocrx_word' id='word_1_181' title='bbox 1292 1853 1455 1903; x_wconf 86' lang='lat' dir='ltr'><strong>iactant,</strong></span> 
     </span>
    </p>
   </div>
   <div class='ocr_carea' id='block_1_8' title="bbox 355 1913 1468 1969">
    <p class='ocr_par' dir='ltr' id='par_1_17' title="bbox 355 1913 1468 1969">
     <span class='ocr_line' id='line_1_32' title="bbox 355 1913 1468 1969; baseline 0.003 -16"><span class='ocrx_word' id='word_1_182' title='bbox 355 1958 357 1961; x_wconf 52' lang='grc'><strong>,</strong></span> <span class='ocrx_word' id='word_1_183' title='bbox 388 1913 518 1954; x_wconf 89' lang='lat' dir='ltr'><strong>multa</strong></span> <span class='ocrx_word' id='word_1_184' title='bbox 541 1927 642 1954; x_wconf 89' lang='lat' dir='ltr'><strong>cavo</strong></span> <span class='ocrx_word' id='word_1_185' title='bbox 665 1913 780 1954; x_wconf 87' lang='lat' dir='ltr'><strong>lateri</strong></span> <span class='ocrx_word' id='word_1_186' title='bbox 804 1913 1057 1969; x_wconf 85' lang='lat' dir='ltr'><strong>ingeminant</strong></span> <span class='ocrx_word' id='word_1_187' title='bbox 1080 1920 1121 1955; x_wconf 87' lang='lat' dir='ltr'><strong>et</strong></span> <span class='ocrx_word' id='word_1_188' title='bbox 1141 1920 1306 1968; x_wconf 90' lang='lat' dir='ltr'><strong>pectore</strong></span> <span class='ocrx_word' id='word_1_189' title='bbox 1329 1921 1468 1956; x_wconf 84' lang='lat' dir='ltr'><strong>vastos</strong></span> 
     </span>
    </p>
   </div>
   <div class='ocr_carea' id='block_1_9' title="bbox 299 1986 363 2017">
    <p class='ocr_par' dir='ltr' id='par_1_18' title="bbox 299 1986 363 2017">
     <span class='ocr_line' id='line_1_33' title="bbox 299 1986 363 2017; baseline 0.031 -2"><span class='ocrx_word' id='word_1_190' title='bbox 299 1986 363 2017; x_wconf 87' lang='lat'><strong>435</strong></span> 
     </span>
    </p>
   </div>
   <div class='ocr_carea' id='block_1_10' title="bbox 298 2292 363 2322">
    <p class='ocr_par' dir='ltr' id='par_1_19' title="bbox 298 2292 363 2322">
     <span class='ocr_line' id='line_1_34' title="bbox 298 2292 363 2322; baseline 0.015 -1"><span class='ocrx_word' id='word_1_191' title='bbox 298 2292 363 2322; x_wconf 68' lang='lat'><strong>440</strong></span> 
     </span>
    </p>
   </div>
   <div class='ocr_carea' id='block_1_11' title="bbox 299 2596 363 2626">
    <p class='ocr_par' dir='ltr' id='par_1_20' title="bbox 299 2596 363 2626">
     <span class='ocr_line' id='line_1_35' title="bbox 299 2596 363 2626; baseline 0.016 -1"><span class='ocrx_word' id='word_1_192' title='bbox 299 2596 363 2626; x_wconf 85' lang='lat'><strong>445</strong></span> 
     </span>
    </p>
   </div>
   <div class='ocr_carea' id='block_1_12' title="bbox 386 1973 1521 2761">
    <p class='ocr_par' dir='ltr' id='par_1_21' title="bbox 386 1973 1521 2687">
     <span class='ocr_line' id='line_1_36' title="bbox 389 1973 1484 2029; baseline 0.001 -15"><span class='ocrx_word' id='word_1_193' title='bbox 389 1974 487 2014; x_wconf 89' lang='lat' dir='ltr'><strong>dant</strong></span> <span class='ocrx_word' id='word_1_194' title='bbox 512 1973 687 2023; x_wconf 90' lang='lat' dir='ltr'><strong>sonitus,</strong></span> <span class='ocrx_word' id='word_1_195' title='bbox 714 1979 899 2027; x_wconf 86' lang='lat' dir='ltr'><strong>erratque</strong></span> <span class='ocrx_word' id='word_1_196' title='bbox 923 1974 1033 2015; x_wconf 84' lang='lat' dir='ltr'><strong>auris</strong></span> <span class='ocrx_word' id='word_1_197' title='bbox 1063 1980 1104 2015; x_wconf 89' lang='lat' dir='ltr'><strong>et</strong></span> <span class='ocrx_word' id='word_1_198' title='bbox 1127 1979 1310 2029; x_wconf 90' lang='lat' dir='ltr'><strong>tempora</strong></span> <span class='ocrx_word' id='word_1_199' title='bbox 1333 1975 1484 2016; x_wconf 87' lang='lat' dir='ltr'><strong>circum</strong></span> 
     </span>
     <span class='ocr_line' id='line_1_37' title="bbox 388 2034 1521 2089; baseline 0 -13"><span class='ocrx_word' id='word_1_200' title='bbox 388 2035 529 2076; x_wconf 87' lang='lat' dir='ltr'><strong>erebra</strong></span> <span class='ocrx_word' id='word_1_201' title='bbox 552 2050 718 2085; x_wconf 89' lang='lat' dir='ltr'><strong>manus,</strong></span> <span class='ocrx_word' id='word_1_202' title='bbox 743 2035 845 2076; x_wconf 92' lang='lat' dir='ltr'><strong>duro</strong></span> <span class='ocrx_word' id='word_1_203' title='bbox 869 2035 1069 2089; x_wconf 86' lang='lat' dir='ltr'><strong>crepitant</strong></span> <span class='ocrx_word' id='word_1_204' title='bbox 1091 2034 1168 2077; x_wconf 90' lang='lat' dir='ltr'><strong>sub</strong></span> <span class='ocrx_word' id='word_1_205' title='bbox 1192 2035 1356 2076; x_wconf 89' lang='lat' dir='ltr'><strong>volnere</strong></span> <span class='ocrx_word' id='word_1_206' title='bbox 1379 2036 1521 2076; x_wconf 86' lang='lat' dir='ltr'><strong>malae.</strong></span> 
     </span>
     <span class='ocr_line' id='line_1_38' title="bbox 389 2095 1422 2151; baseline 0 -14"><span class='ocrx_word' id='word_1_207' title='bbox 389 2102 469 2137; x_wconf 86' lang='lat' dir='ltr'><strong>stat</strong></span> <span class='ocrx_word' id='word_1_208' title='bbox 491 2095 628 2151; x_wconf 88' lang='lat' dir='ltr'><strong>gravis</strong></span> <span class='ocrx_word' id='word_1_209' title='bbox 652 2095 841 2136; x_wconf 87' lang='lat' dir='ltr'><strong>Entellus</strong></span> <span class='ocrx_word' id='word_1_210' title='bbox 865 2095 1040 2148; x_wconf 90' lang='lat' dir='ltr'><strong>nisuque</strong></span> <span class='ocrx_word' id='word_1_211' title='bbox 1063 2095 1241 2137; x_wconf 90' lang='lat' dir='ltr'><strong>inmotus</strong></span> <span class='ocrx_word' id='word_1_212' title='bbox 1265 2096 1422 2146; x_wconf 90' lang='lat' dir='ltr'><strong>eodem,</strong></span> 
     </span>
     <span class='ocr_line' id='line_1_39' title="bbox 389 2156 1509 2212; baseline -0.001 -14"><span class='ocrx_word' id='word_1_213' title='bbox 389 2171 556 2212; x_wconf 87' lang='lat' dir='ltr'><strong>corpore</strong></span> <span class='ocrx_word' id='word_1_214' title='bbox 580 2157 660 2198; x_wconf 90' lang='lat' dir='ltr'><strong>tela</strong></span> <span class='ocrx_word' id='word_1_215' title='bbox 683 2157 805 2198; x_wconf 90' lang='lat' dir='ltr'><strong>modo</strong></span> <span class='ocrx_word' id='word_1_216' title='bbox 829 2162 951 2210; x_wconf 84' lang='lat' dir='ltr'><strong>atque</strong></span> <span class='ocrx_word' id='word_1_217' title='bbox 975 2157 1103 2198; x_wconf 89' lang='lat' dir='ltr'><strong>oeulis</strong></span> <span class='ocrx_word' id='word_1_218' title='bbox 1126 2156 1389 2212; x_wconf 85' lang='lat' dir='ltr'><strong>vigilantibus</strong></span> <span class='ocrx_word' id='word_1_219' title='bbox 1414 2157 1509 2198; x_wconf 84' lang='lat' dir='ltr'><strong>exit.</strong></span> 
     </span>
     <span class='ocr_line' id='line_1_40' title="bbox 387 2217 1479 2273; baseline 0 -15"><span class='ocrx_word' id='word_1_220' title='bbox 387 2218 472 2267; x_wconf 90' lang='lat' dir='ltr'><strong>ille,</strong></span> <span class='ocrx_word' id='word_1_221' title='bbox 497 2218 610 2259; x_wconf 91' lang='lat' dir='ltr'><strong>velut</strong></span> <span class='ocrx_word' id='word_1_222' title='bbox 633 2218 785 2260; x_wconf 87' lang='lat' dir='ltr'><strong>celsam</strong></span> <span class='ocrx_word' id='word_1_223' title='bbox 809 2223 1020 2273; x_wconf 83' lang='lat' dir='ltr'><strong>oppugnat</strong></span> <span class='ocrx_word' id='word_1_224' title='bbox 1042 2218 1114 2271; x_wconf 90' lang='lat' dir='ltr'><strong>qui</strong></span> <span class='ocrx_word' id='word_1_225' title='bbox 1136 2217 1312 2259; x_wconf 91' lang='lat' dir='ltr'><strong>molibus</strong></span> <span class='ocrx_word' id='word_1_226' title='bbox 1337 2217 1479 2258; x_wconf 90' lang='lat' dir='ltr'><strong>urbem</strong></span> 
     </span>
     <span class='ocr_line' id='line_1_41' title="bbox 388 2278 1440 2328; baseline -0.001 -8"><span class='ocrx_word' id='word_1_227' title='bbox 388 2286 458 2320; x_wconf 86' lang='lat' dir='ltr'><strong>aut</strong></span> <span class='ocrx_word' id='word_1_228' title='bbox 480 2285 673 2320; x_wconf 88' lang='lat' dir='ltr'><strong>montana</strong></span> <span class='ocrx_word' id='word_1_229' title='bbox 697 2279 812 2321; x_wconf 91' lang='lat' dir='ltr'><strong>sedet</strong></span> <span class='ocrx_word' id='word_1_230' title='bbox 836 2279 989 2320; x_wconf 90' lang='lat' dir='ltr'><strong>circum</strong></span> <span class='ocrx_word' id='word_1_231' title='bbox 1013 2278 1180 2320; x_wconf 84' lang='lat' dir='ltr'><strong>castella</strong></span> <span class='ocrx_word' id='word_1_232' title='bbox 1203 2278 1280 2320; x_wconf 90' lang='lat' dir='ltr'><strong>sub</strong></span> <span class='ocrx_word' id='word_1_233' title='bbox 1304 2279 1440 2328; x_wconf 90' lang='lat' dir='ltr'><strong>armis,</strong></span> 
     </span>
     <span class='ocr_line' id='line_1_42' title="bbox 388 2340 1508 2394; baseline 0 -14"><span class='ocrx_word' id='word_1_234' title='bbox 388 2354 495 2381; x_wconf 92' lang='lat' dir='ltr'><strong>nunc</strong></span> <span class='ocrx_word' id='word_1_235' title='bbox 519 2340 613 2390; x_wconf 90' lang='lat' dir='ltr'><strong>hos,</strong></span> <span class='ocrx_word' id='word_1_236' title='bbox 638 2355 746 2382; x_wconf 92' lang='lat' dir='ltr'><strong>nunc</strong></span> <span class='ocrx_word' id='word_1_237' title='bbox 769 2340 861 2381; x_wconf 86' lang='lat' dir='ltr'><strong>illos</strong></span> <span class='ocrx_word' id='word_1_238' title='bbox 886 2340 1039 2389; x_wconf 84' lang='lat' dir='ltr'><strong>aditus,</strong></span> <span class='ocrx_word' id='word_1_239' title='bbox 1065 2354 1306 2394; x_wconf 91' lang='lat' dir='ltr'><strong>omnemque</strong></span> <span class='ocrx_word' id='word_1_240' title='bbox 1329 2344 1508 2394; x_wconf 85' lang='lat' dir='ltr'><strong>pererrat</strong></span> 
     </span>
     <span class='ocr_line' id='line_1_43' title="bbox 388 2401 1450 2457; baseline -0.001 -15"><span class='ocrx_word' id='word_1_241' title='bbox 388 2407 474 2442; x_wconf 86' lang='lat' dir='ltr'><strong>arte</strong></span> <span class='ocrx_word' id='word_1_242' title='bbox 498 2401 633 2443; x_wconf 91' lang='lat' dir='ltr'><strong>locum</strong></span> <span class='ocrx_word' id='word_1_243' title='bbox 657 2408 698 2443; x_wconf 88' lang='lat' dir='ltr'><strong>et</strong></span> <span class='ocrx_word' id='word_1_244' title='bbox 721 2402 844 2443; x_wconf 82' lang='lat' dir='ltr'><strong>variis</strong></span> <span class='ocrx_word' id='word_1_245' title='bbox 869 2401 1099 2457; x_wconf 83' lang='lat' dir='ltr'><strong>adsultibus</strong></span> <span class='ocrx_word' id='word_1_246' title='bbox 1123 2401 1269 2442; x_wconf 91' lang='lat' dir='ltr'><strong>inritus</strong></span> <span class='ocrx_word' id='word_1_247' title='bbox 1292 2407 1450 2456; x_wconf 84' lang='lat' dir='ltr'><strong>urguet.</strong></span> 
     </span>
     <span class='ocr_line' id='line_1_44' title="bbox 387 2462 1396 2518; baseline -0.001 -15"><span class='ocrx_word' id='word_1_248' title='bbox 387 2463 565 2503; x_wconf 86' lang='lat' dir='ltr'><strong>ostendit</strong></span> <span class='ocrx_word' id='word_1_249' title='bbox 589 2463 775 2504; x_wconf 87' lang='lat' dir='ltr'><strong>dextram</strong></span> <span class='ocrx_word' id='word_1_250' title='bbox 797 2463 1015 2518; x_wconf 86' lang='lat' dir='ltr'><strong>insurgens</strong></span> <span class='ocrx_word' id='word_1_251' title='bbox 1040 2462 1229 2504; x_wconf 88' lang='lat' dir='ltr'><strong>Entellus</strong></span> <span class='ocrx_word' id='word_1_252' title='bbox 1254 2468 1294 2503; x_wconf 92' lang='lat' dir='ltr'><strong>et</strong></span> <span class='ocrx_word' id='word_1_253' title='bbox 1317 2462 1396 2503; x_wconf 87' lang='lat' dir='ltr'><strong>alte</strong></span> 
     </span>
     <span class='ocr_line' id='line_1_45' title="bbox 388 2522 1406 2565; baseline 0 -2"><span class='ocrx_word' id='word_1_254' title='bbox 388 2523 549 2564; x_wconf 88' lang='lat' dir='ltr'><strong>extulit:</strong></span> <span class='ocrx_word' id='word_1_255' title='bbox 574 2523 641 2565; x_wconf 90' lang='lat' dir='ltr'><strong>ille</strong></span> <span class='ocrx_word' id='word_1_256' title='bbox 664 2524 790 2565; x_wconf 90' lang='lat' dir='ltr'><strong>ictum</strong></span> <span class='ocrx_word' id='word_1_257' title='bbox 813 2524 1044 2565; x_wconf 88' lang='lat' dir='ltr'><strong>venientem</strong></span> <span class='ocrx_word' id='word_1_258' title='bbox 1067 2539 1092 2565; x_wconf 85' lang='lat' dir='ltr'><strong>a</strong></span> <span class='ocrx_word' id='word_1_259' title='bbox 1114 2523 1264 2565; x_wconf 87' lang='lat' dir='ltr'><strong>vertice</strong></span> <span class='ocrx_word' id='word_1_260' title='bbox 1287 2522 1406 2564; x_wconf 87' lang='lat' dir='ltr'><strong>velox</strong></span> 
     </span>
     <span class='ocr_line' id='line_1_46' title="bbox 386 2583 1376 2639; baseline 0 -16"><span class='ocrx_word' id='word_1_261' title='bbox 386 2584 603 2637; x_wconf 82' lang='lat' dir='ltr'><strong>praevidit,</strong></span> <span class='ocrx_word' id='word_1_262' title='bbox 629 2584 831 2638; x_wconf 89' lang='lat' dir='ltr'><strong>celerique</strong></span> <span class='ocrx_word' id='word_1_263' title='bbox 855 2585 1019 2639; x_wconf 86' lang='lat' dir='ltr'><strong>elapsus</strong></span> <span class='ocrx_word' id='word_1_264' title='bbox 1044 2599 1211 2639; x_wconf 88' lang='lat' dir='ltr'><strong>corpore</strong></span> <span class='ocrx_word' id='word_1_265' title='bbox 1235 2583 1357 2625; x_wconf 89' lang='lat' dir='ltr'><strong>cessit</strong></span> <span class='ocrx_word' id='word_1_266' title='bbox 1365 2599 1376 2632; x_wconf 94' lang='lat'>;</span> 
     </span>
     <span class='ocr_line' id='line_1_47' title="bbox 387 2643 1322 2687; baseline 0.002 -4"><span class='ocrx_word' id='word_1_267' title='bbox 387 2643 576 2686; x_wconf 86' lang='lat' dir='ltr'><strong>Entellus</strong></span> <span class='ocrx_word' id='word_1_268' title='bbox 600 2645 707 2687; x_wconf 85' lang='lat' dir='ltr'><strong>vires</strong></span> <span class='ocrx_word' id='word_1_269' title='bbox 731 2646 775 2686; x_wconf 90' lang='lat' dir='ltr'><strong>in</strong></span> <span class='ocrx_word' id='word_1_270' title='bbox 797 2651 964 2687; x_wconf 88' lang='lat' dir='ltr'><strong>ventum</strong></span> <span class='ocrx_word' id='word_1_271' title='bbox 989 2645 1133 2687; x_wconf 86' lang='lat' dir='ltr'><strong>effudit</strong></span> <span class='ocrx_word' id='word_1_272' title='bbox 1155 2651 1196 2686; x_wconf 88' lang='lat' dir='ltr'><strong>et</strong></span> <span class='ocrx_word' id='word_1_273' title='bbox 1217 2644 1322 2686; x_wconf 89' lang='lat' dir='ltr'><strong>ultro</strong></span> 
     </span>
    </p>

    <p class='ocr_par' dir='ltr' id='par_1_22' title="bbox 388 2704 1504 2761">
     <span class='ocr_line' id='line_1_48' title="bbox 388 2704 1504 2761; baseline 0.001 -17"><span class='ocrx_word' id='word_1_274' title='bbox 388 2704 475 2757; x_wconf 89' lang='lat' dir='ltr'><strong>ipse</strong></span> <span class='ocrx_word' id='word_1_275' title='bbox 498 2705 636 2759; x_wconf 86' lang='lat' dir='ltr'><strong>gravis</strong></span> <span class='ocrx_word' id='word_1_276' title='bbox 660 2706 918 2761; x_wconf 86' lang='lat' dir='ltr'><strong>graviterque</strong></span> <span class='ocrx_word' id='word_1_277' title='bbox 942 2707 994 2747; x_wconf 88' lang='lat' dir='ltr'><strong>ad</strong></span> <span class='ocrx_word' id='word_1_278' title='bbox 1018 2712 1164 2747; x_wconf 87' lang='lat' dir='ltr'><strong>terram</strong></span> <span class='ocrx_word' id='word_1_279' title='bbox 1187 2705 1363 2760; x_wconf 87' lang='lat' dir='ltr'><strong>pondere</strong></span> <span class='ocrx_word' id='word_1_280' title='bbox 1388 2711 1504 2746; x_wconf 85' lang='lat' dir='ltr'><strong>vasto</strong></span> 
     </span>
    </p>
   </div>
  </div>
 </body>
</html>
