1800 3106
585 272 845 312 AENEIDOS
863 270 950 307 LIB
971 270 1018 306 X.
1403 259 1487 300 293

121 387 244 430 obvia
267 390 483 427 ventorum
509 380 628 423 furiis
653 384 909 435 expostaque
933 381 1074 432 ponto,

122 451 205 492 vim
230 454 422 491 cunctam
446 452 571 499 atque
594 443 728 485 minas
753 438 913 496 perfert
932 438 1118 493 caelique
1141 435 1363 490 marisque,

119 514 211 569 ipsa
234 511 392 553 inmota
415 522 609 557 manens;
634 504 794 562 prolem
817 501 1091 545 Dolichaonis
1115 498 1309 542 Hebrum
1517 512 1581 543 695

122 574 267 617 sternit
290 571 424 622 humi,
450 585 546 613 cum
570 583 653 624 quo
677 568 891 624 Latagum
914 564 1192 618 Palmumque
1216 563 1424 618 fugacem,

122 637 198 679 sed
219 636 434 691 Latagum
459 647 560 675 saxo
585 638 710 686 atque
733 628 892 686 ingenti
915 627 1121 683 fragmine
1145 626 1298 667 montis

122 704 298 754 occupat
322 712 370 739 os
394 696 628 749 faciemque
652 693 890 742 adversam,
916 690 1073 747 poplite
1097 689 1291 731 Palmum

123 761 286 803 succiso
310 758 423 802 volvi
447 771 619 814 segnem
645 755 760 806 sinit,
785 767 982 808 armaque
1007 752 1155 794 Lauso

123 823 252 865 donat
275 821 429 864 habere
452 819 636 861 humeris
661 823 705 860 et
726 816 881 859 vertice
904 815 1034 871 figere
1058 814 1217 856 cristas.
1521 825 1584 854 τοι)

122 899 200 926 nec
223 899 308 926 non
329 881 554 925 Euanthen
578 879 830 936 Phrygium,
854 877 1104 931 Paridisque
1127 875 1335 916 Mimanta

124 946 341 1000 aequalem
365 943 661 997 comitemque,
686 956 771 982 una
794 954 919 995 quem
942 945 1065 982 nocte
1090 937 1266 980 Theano

122 1010 167 1050 in
191 1008 327 1050 lucem
351 1005 529 1062 genitori
552 1003 718 1059 Amyco
742 1002 857 1044 dedit
880 1007 922 1044 et
944 1001 1038 1043 face
1061 1014 1298 1056 praegnans

124 1069 284 1113 Cisseis
308 1068 454 1124 regina
476 1066 620 1109 Parim
644 1070 774 1107 creat:
799 1062 903 1106 urbe
926 1068 1101 1119 paterna

124 1131 318 1182 occubat,
342 1130 536 1186 ignarum
558 1127 752 1170 Laurens
777 1125 904 1168 habet
926 1140 999 1167 ora
1022 1124 1242 1166 Mimanta.
1523 1136 1587 1165 705

125 1209 175 1236 ac
198 1193 314 1236 velut
335 1192 406 1234 ille
429 1206 580 1234 canum
603 1204 747 1232 morsu
770 1189 822 1230 de
846 1186 1056 1230 montibus
1082 1186 1175 1228 altis

127 1262 244 1298 actus
270 1269 388 1310 aper,
413 1253 566 1295 multos
590 1251 774 1294 Vesulus
800 1265 926 1304 quem
949 1249 1102 1305 pinifer
1125 1263 1256 1291 annos

127 1317 332 1367 defendit,
357 1315 594 1369 multosque
616 1313 737 1369 palus
761 1311 1011 1362 Laurentia,
1039 1311 1145 1353 silva

128 1385 274 1435 pastus
299 1377 543 1427 arundinea,
568 1381 790 1431 postquam
814 1374 920 1416 inter
942 1373 1047 1415 retia
1069 1379 1240 1415 ventum
1266 1377 1342 1422 est,

130 1440 331 1491 substitit,
356 1438 652 1492 infremuitque
675 1437 794 1478 ferox
820 1443 859 1477 et
883 1435 1086 1477 inhorruit
1110 1449 1268 1483 armos;
1525 1446 1590 1476 710

130 1517 207 1545 nec
231 1502 426 1556 cuiquam
450 1500 573 1542 irasci
596 1498 821 1555 propiusve
846 1497 1043 1540 accedere
1068 1497 1212 1546 virtus,

129 1565 205 1608 sed
227 1564 372 1607 iaculis
397 1563 580 1616 tutisque
604 1561 749 1617 procul
773 1559 1022 1603 clamoribus
1047 1559 1223 1600 instant:

127 1627 242 1669 haud
265 1626 401 1677 aliter,
426 1625 560 1667 iustae
584 1623 737 1678 quibus
762 1629 826 1664 est
849 1621 1088 1664 Mezentius
1114 1621 1211 1670 irae,

128 1704 213 1731 non
234 1688 309 1730 ulli
334 1695 397 1730 est
421 1688 583 1729 animus
609 1687 750 1728 stricto
776 1698 1019 1727 concurrere
1045 1683 1155 1725 ferro
1163 1699 1174 1733 ;

132 1750 360 1793 missilibus
383 1750 508 1806 longe
533 1756 575 1791 et
597 1754 717 1791 vasto
741 1748 920 1790 clamore
944 1747 1168 1788 lacessunt.
1528 1757 1591 1786 715

129 1813 198 1855 ille
223 1819 361 1854 autem
385 1811 605 1868 inpavidus
629 1810 758 1866 partis
783 1815 1000 1852 cunctatur
1022 1809 1066 1850 in
1090 1808 1237 1857 omnis,

131 1875 324 1918 dentibus
348 1874 607 1924 infrendens,
635 1879 674 1914 et
699 1879 816 1929 tergo
841 1871 998 1914 decutit
1020 1871 1175 1912 hastas.

130 1943 300 1979 venerat
324 1937 504 1991 antiquis
531 1935 706 1991 Corythi
730 1935 781 1976 de
805 1933 958 1976 finibus
983 1933 1140 1983 Acron,

134 1998 288 2042 Graius
313 1999 457 2050 homo,
482 1998 660 2041 infectos
684 1997 875 2052 linquens
900 1996 1103 2052 profugus
1128 1995 1396 2050 hymenaeos.

134 2062 245 2103 hunc
267 2060 340 2103 ubi
363 2061 607 2103 miscentem
630 2060 755 2116 longe
779 2059 917 2101 media
941 2058 1107 2115 agmina
1132 2056 1248 2107 vidit,
1528 2068 1593 2099 720

132 2138 384 2180 purpureum
407 2123 555 2178 pennis
581 2129 622 2164 et
644 2128 791 2178 pactae
816 2121 1006 2177 coniugis
1032 2127 1158 2170 ostro,

133 2187 322 2241 inpastus
348 2186 510 2239 stabula
533 2185 617 2226 alta
639 2185 706 2226 leo
729 2199 806 2225 ceu
832 2198 956 2238 saepe
980 2197 1221 2238 peragrans,

136 2248 282 2290 suadet
306 2247 415 2289 enim
439 2262 595 2289 vesana
618 2246 770 2296 fames,
797 2246 833 2287 si
856 2245 963 2287 forte
987 2246 1182 2300 fugacem

135 2309 351 2365 conspen’t
375 2323 565 2364 capream
590 2315 661 2350 aut
685 2314 923 2363 surgentem
947 2308 990 2348 in
1015 2321 1171 2348 cornua
1195 2320 1378 2354 cervum,

136 2372 310 2428 gaudet,
335 2371 454 2412 hians
477 2371 662 2420 inmane,
689 2383 914 2423 comasque
939 2368 1091 2410 arrexit
1115 2374 1156 2410 et
1179 2367 1320 2408 haeret
1530 2379 1592 2408 725

137 2433 365 2475 visceribus
392 2447 517 2488 super
539 2431 782 2474 incumbens
790 2447 801 2482 3
826 2430 926 2472 lavit
950 2430 1124 2486 inproba
1147 2436 1277 2471 taeter

138 2511 210 2538 ora
234 2510 371 2538 cruor:

140 2560 199 2601 sic
222 2559 305 2600 ruit
327 2558 371 2599 in
395 2558 546 2600 densos
571 2558 707 2599 alacer
728 2556 968 2599 Mezentius
992 2555 1137 2598 hostis.

141 2621 334 2663 sternitur
357 2619 504 2662 infelix
525 2618 671 2662 Acron
695 2625 735 2661 et
759 2618 943 2661 calcibus
968 2624 1100 2660 atram

141 2684 274 2725 tundit
297 2684 471 2725 humum
497 2683 732 2739 exspirans,
756 2681 1013 2736 infractaque
1037 2681 1120 2722 tela
1143 2686 1342 2722 cruentat.
1529 2690 1593 2722 ⁷30

142 2753 264 2800 atque
286 2746 398 2788 idem
423 2745 651 2802 fugientem
677 2744 788 2786 haud
813 2749 876 2786 est
899 2743 1094 2799 dignatus
1122 2741 1294 2785 Oroden
