1794 3048
335 533 398 561 500

336 835 399 865 505

337 1138 401 1167 510

340 1442 404 1470 515

342 1743 407 1773 5‘20

346 2045 409 2074 525

424 291 502 331 162
821 297 862 329 P.
882 294 1111 330 VERGILll
1130 294 1351 331 MARONIS

423 406 568 440 cuncta
590 398 666 438 viri
690 402 952 436 monumenta
974 395 1087 435 iuvat
1109 400 1386 446 monstratque
1411 395 1639 435 sacerdos.“

422 460 523 500 hacc
547 458 670 498 effata
694 457 802 505 silet3
827 455 957 510 pallor
979 455 1101 496 simul
1124 460 1296 508 occupat
1318 468 1400 495 ora.

422 534 505 559 non
527 524 663 558 tamen
686 516 810 557 Anna
833 517 949 557 novis
972 522 1207 570 praetexere
1230 515 1375 555 funera
1398 515 1522 556 sacris

421 593 656 634 germanam
681 578 824 626 credit,
849 591 924 618 nec
948 582 1080 617 tantos
1104 581 1238 616 mente
1262 575 1419 615 furores

422 639 615 694 concipit,
640 645 710 679 aut
733 638 920 693 graviora
942 637 1058 678 timet
1080 651 1202 690 quam
1225 641 1354 676 morte
1380 633 1566 690 Sychaei.

423 715 520 755 ergo
544 700 658 740 iussa
681 705 808 753 parat.

477 760 538 801 At
560 760 719 815 regina,
742 774 845 814 pyra
867 758 1063 813 penetrali
1085 759 1128 798 in
1151 758 1247 800 sede
1271 756 1348 798 sub
1374 771 1492 798 auras

423 828 559 862 crecta
580 821 738 876 ingenti
760 820 890 861 taedis
915 827 1036 873 atque
1059 819 1150 860 ilice
1175 825 1298 868 secta,

423 882 674 935 intenditque
697 881 831 922 locum
857 881 975 921 sertis
999 886 1040 921 et
1062 880 1207 921 fronde
1230 885 1396 920 coronat

423 944 610 992 funerea;
636 957 758 997 super
781 941 949 983 exuvias
974 955 1193 994 ensemque
1216 939 1402 981 relictum

424 1004 685 1058 effigiemque
709 1008 795 1044 toro
819 1002 943 1051 locat,
967 1002 1079 1043 haud
1101 1002 1244 1056 ignara
1266 999 1405 1040 futuri.

425 1070 532 1105 stant
555 1078 648 1104 arae
672 1063 824 1104 circum
847 1069 888 1104 et
910 1062 1030 1103 crinis
1055 1062 1187 1103 effusa
1210 1060 1400 1102 sacerdos

426 1131 486 1165 ter
509 1130 671 1165 centum
695 1129 808 1164 tonat
831 1137 900 1164 ore
924 1123 1041 1172 deos,
1064 1121 1328 1173 Erebumque
1355 1119 1573 1172 Chaosque

425 1185 772 1241 tergeminamque
795 1183 1002 1231 Hecaten,
1027 1183 1104 1223 tria
1126 1181 1295 1237 virginis
1319 1195 1390 1221 ora
1412 1179 1586 1220 Dianae.

428 1251 632 1300 sparserat
655 1251 695 1286 et
717 1244 857 1285 latices
883 1243 1093 1284 simulatos
1117 1242 1240 1283 fontis
1264 1240 1434 1288 Averni,

426 1306 600 1347 falcibus
625 1311 666 1346 et
687 1318 846 1345 messae
871 1304 924 1344 ad
946 1303 1085 1343 lunam
1108 1307 1357 1356 quaeruntur
1379 1301 1491 1340 aenis

426 1366 628 1421 pubentes
651 1365 802 1406 herbae
825 1363 931 1419 nigri
954 1377 1047 1404 cum
1070 1363 1175 1403 lacte
1198 1361 1365 1411 veneni3

428 1427 633 1480 quaeritur
656 1432 696 1467 et
718 1424 921 1465 nascentis
947 1423 1041 1477 equi
1064 1423 1114 1465 de
1138 1423 1270 1464 fronte
1292 1421 1477 1463 revolsus

429 1494 469 1528 et
492 1487 610 1527 matri
634 1491 870 1541 praereptus
895 1499 1019 1526 amor.

427 1548 518 1601 ipsa
541 1547 650 1588 mola
672 1546 941 1599 manibusque
963 1546 1042 1600 piis
1066 1546 1207 1588 altaria
1228 1546 1353 1595 iuxta,

428 1623 555 1649 unum
580 1614 703 1649 exuta
724 1607 871 1662 pedem
894 1606 1056 1656 vinclis,
1080 1607 1121 1647 in
1145 1612 1259 1648 veste
1282 1606 1470 1654 recincta,

430 1675 601 1710 testatur
623 1668 817 1709 moritura
840 1667 938 1708 deos
963 1673 1003 1708 et
1026 1667 1189 1708 conscia
1211 1667 1284 1708 fati

432 1730 582 1779 sidera3
607 1735 711 1778 tum,
736 1729 772 1770 si
794 1728 905 1781 quod
926 1742 1010 1769 non
1032 1742 1162 1781 aequo
1186 1727 1349 1769 foedere
1373 1727 1544 1768 amantis

430 1805 551 1830 curae
574 1804 723 1831 nomen
745 1788 868 1830 habet
890 1788 1123 1842 iustumque
1146 1802 1400 1841 memorque,
1423 1795 1622 1842 precatur.

486 1851 580 1892 Nox
604 1856 689 1891 erat
713 1855 753 1891 et
774 1849 979 1903 placidum
1004 1849 1224 1904 carpebant
1245 1849 1358 1890 fessa
1381 1862 1567 1902 soporem

432 1925 601 1965 corpora
622 1925 695 1964 per
718 1915 863 1959 terras,
889 1909 1096 1963 silvaeque
1120 1915 1160 1950 et
1183 1924 1306 1951 saeva
1328 1909 1514 1962 quierant

432 1985 626 2024 aequora,
651 1984 744 2011 cum
767 1970 901 2010 medio
925 1970 1144 2011 volvuntur
1166 1970 1300 2011 sidera
1322 1970 1452 2024 lapsu,

434 2045 527 2072 cum
551 2036 658 2072 tacet
681 2030 812 2072 omnis
839 2044 954 2085 ager,
979 2030 1158 2084 pecudes
1181 2030 1394 2084 pictaeque
1417 2029 1616 2077 volucres,

433 2106 618 2146 quaeque
641 2091 755 2134 lacus
779 2090 860 2132 late
882 2091 1077 2144 liquidos,
1103 2104 1288 2144 quaeque
1312 2104 1457 2144 aspera
1480 2089 1614 2130 dumis

433 2168 528 2194 rura
550 2158 704 2201 tenent,
730 2165 873 2193 somno
895 2151 1052 2205 positae
1076 2151 1153 2192 sub
1176 2157 1294 2192 nocte
1318 2151 1463 2192 silenti.

439 2212 638 2268 [lenibant
665 2226 782 2255 curas
806 2217 847 2253 et
870 2212 992 2252 corda
1014 2211 1140 2253 oblita
1161 2210 1379 2266 laborum]

437 2280 479 2315 at
501 2289 584 2315 non
606 2272 750 2314 infelix
772 2272 897 2314 animi
919 2272 1166 2322 Phoenissa,
1191 2286 1267 2313 nec
1289 2286 1484 2325 umquam

349 2346 413 2377 530
437 2334 606 2375 solvitur
627 2334 670 2374 in
694 2348 878 2383 somnos,
903 2333 1082 2375 oculisve
1106 2339 1176 2374 aut
1198 2339 1360 2387 pectore
1383 2338 1543 2374 noctem

437 2395 600 2449 accipit:
624 2394 875 2450 ingeminant
898 2408 1037 2444 curae,
1061 2407 1283 2447 rursusque
1304 2407 1522 2448 resurgens

439 2455 567 2496 saevit
590 2470 721 2504 amor,
746 2469 977 2510 magnoque
999 2455 1151 2495 irarum
1174 2454 1342 2495 fluctuat
1365 2459 1492 2495 aestu.

440 2517 499 2558 sic
522 2516 624 2557 adeo
646 2515 812 2565 insistit,
838 2530 1058 2569 secumque
1081 2515 1138 2556 ita
1161 2515 1280 2556 corde
1304 2514 1476 2556 volutat:

441 2591 536 2627 „en‚
562 2576 660 2630 quid
683 2576 787 2631 ago?
808 2590 1004 2617 rursusne
1025 2590 1171 2631 procos
1194 2575 1320 2616 inrisa
1342 2574 1495 2628 priores

352 2649 415 2680 535
440 2637 641 2691 experiar,
664 2636 975 2690 Nomadumque
998 2642 1135 2691 petam
1158 2635 1332 2677 conubia
1354 2633 1538 2688 supplex,

439 2711 542 2749 quos
567 2711 645 2751 ego
670 2697 748 2737 sim
771 2697 917 2738 totiens
941 2697 1022 2738 iam
1046 2696 1264 2751 dedignata
1285 2693 1474 2735 maritos?
