1780 3074
521 292 819 332 GEORGICON
838 292 936 328 LIB.
955 293 1024 328 ΠΙ.

97 401 268 444 saltibus
292 402 335 442 in
358 400 502 442 vacuis
525 404 703 455 pascunt
726 404 767 440 et
790 397 914 453 plena
938 397 1166 439 secundum

95 464 283 514 flumina,
309 477 478 504 muscus
503 461 577 504 ubi
601 467 642 503 et
664 460 916 502 viridissima
938 459 1125 516 gramine
1149 460 1250 514 ripa,

96 525 399 582 speluncaeque
424 529 568 580 tegant
592 529 633 565 et
657 537 783 565 saxea
806 522 1007 578 procubet
1029 521 1190 564 umbra.

97 598 159 630 est
183 587 298 629 lucos
326 586 452 629 Silari
477 586 586 628 circa
607 584 855 639 ilicibusque
879 584 1082 626 virentem

94 650 296 706 plurimus
319 648 560 690 Alburnum
582 646 778 697 volitans,
806 647 872 688 cui
896 661 1049 689 nomen
1072 646 1176 689 asilo

97 713 335 754 Romanum
359 716 440 762 est,
466 715 651 752 oestrum
676 707 779 751 Grai
802 714 962 751 vertere
985 715 1196 758 vocantes,

97 788 236 829 asper,
262 772 411 815 acerba
434 787 604 822 sonans,
630 786 714 826 quo
738 777 824 813 tota
848 771 1042 813 exterrita
1066 771 1182 813 silvis

97 835 319 890 diffugiunt
343 839 544 884 armenta,
569 833 670 875 furit
692 833 922 889 mugitibus
947 833 1089 875 aether

98 911 324 939 concussus
349 895 561 950 silvaeque
585 900 626 936 et
651 895 750 937 sicci
772 895 864 951 ripa
888 895 1085 952 Tanagri.

96 959 176 1002 hoc
199 958 409 1013 quondam
434 963 620 1000 monstro
644 956 852 1000 horribilis
877 957 1062 1000 exercuit
1085 957 1167 1000 iras

97 1020 292 1063 Inachiae
316 1020 423 1063 Iuno
445 1026 607 1076 pestem
630 1020 829 1062 meditata
850 1020 1064 1063 iuvencae.

97 1084 208 1125 hunc
231 1097 415 1138 quoque,
440 1098 537 1124 nam
562 1083 708 1125 mediis
732 1082 966 1125 fervoribus
992 1082 1125 1125 acrior
1147 1082 1286 1133 instat,

99 1145 257 1189 arcebis
280 1145 452 1203 gravido
474 1145 634 1202 pecori,
660 1151 927 1200 armentaque
951 1160 1100 1201 pasces

100 1208 187 1252 sole
209 1222 353 1250 recens
378 1213 466 1250 orto
491 1213 564 1250 aut
585 1213 752 1250 noctem
776 1208 1023 1251 ducentibus
1048 1208 1184 1251 astris.

155 1270 260 1312 Post
281 1280 446 1326 partum
470 1284 569 1312 cura
591 1270 635 1312 in
658 1270 810 1312 vitulos
835 1271 1065 1313 traducitur
1088 1271 1242 1313 omnis:

101 1332 375 1387 continuoque
399 1338 518 1374 notas
543 1338 584 1374 et
606 1332 774 1374 nomina
797 1332 932 1389 gentis
958 1333 1138 1384 inurunt,

101 1404 142 1437 et
165 1409 270 1449 quos
295 1400 367 1436 aut
389 1394 529 1450 pecori
550 1394 696 1436 malint
720 1394 962 1436 submittere
984 1394 1190 1445 habendo,

101 1464 173 1499 aut
196 1457 278 1513 aris
304 1471 468 1498 servare
493 1471 652 1508 sacros,
678 1463 750 1499 aut
774 1457 961 1498 scindere
986 1463 1136 1498 terram

101 1526 142 1561 et
166 1534 359 1575 campum
384 1518 620 1561 horrentem
643 1518 785 1561 fractis
809 1519 1013 1561 invertere
1036 1510 1210 1576 glaebis.

101 1587 237 1623 cetera
258 1586 486 1637 pascuntur
509 1581 652 1623 viridis
677 1587 863 1623 armenta
885 1595 961 1636 per
982 1580 1147 1623 herbas.

101 1649 147 1684 tu
170 1658 276 1698 quos
301 1643 355 1685 ad
380 1643 563 1685 studium
588 1649 712 1698 atque
735 1658 860 1686 usum
884 1642 1084 1686 formabis
1109 1650 1329 1699 agrestem,

101 1706 185 1746 iam
208 1705 359 1747 vitulos
384 1704 567 1756 hortare,
593 1705 786 1760 viamque
810 1705 955 1748 insiste
979 1705 1188 1755 domandi,

103 1767 204 1808 dum
226 1766 371 1810 faciles
396 1767 524 1809 animi
545 1767 763 1819 iuvenum,
789 1768 889 1810 dum
912 1767 1078 1810 mobilis
1103 1775 1229 1809 aetas.

103 1843 153 1870 ac
175 1829 356 1884 primum
378 1829 495 1872 laxos
521 1830 635 1871 tenui
659 1830 711 1872 de
735 1830 890 1872 vimine
915 1830 1060 1872 circlos

104 1891 254 1932 cervici
278 1890 496 1942 subnecte3
522 1891 692 1943 dehinc,
717 1891 790 1934 ubi
813 1892 944 1934 libera
969 1892 1075 1934 colla

104 1953 270 1995 servitio
295 1953 525 2004 adsuerint,
549 1954 653 2010 ipsis
678 1968 702 1996 e
726 1954 943 2009 torquibus
969 1960 1088 2010 aptos

102 2015 229 2072 iunge
252 2030 373 2071 pares
397 2022 439 2058 et
462 2030 565 2072 coge
588 2016 767 2073 gradum
790 2016 976 2059 conferre
1000 2017 1220 2067 iuvencos3

105 2083 227 2132 atque
251 2078 332 2120 illis
357 2078 442 2120 iam
465 2092 590 2134 saepe
613 2084 728 2121 rotae
753 2079 958 2121 ducantur
979 2079 1123 2121 inanes

104 2154 178 2195 per
201 2145 351 2181 terram
375 2146 416 2182 et
441 2155 604 2183 summo
627 2141 806 2198 vestigia
827 2141 999 2197 pulvere
1025 2141 1202 2198 signent.

106 2206 201 2256 post
223 2202 360 2244 valido
385 2203 520 2245 nitens
546 2203 624 2245 sub
648 2204 831 2259 pondere
856 2204 1025 2260 faginus
1050 2204 1140 2245 axis

106 2264 306 2319 instrepat
330 2270 372 2305 et
393 2264 556 2307 iunctos
581 2272 692 2307 temo
716 2265 853 2307 trahat
876 2280 1022 2308 aereus
1047 2265 1181 2308 orbes.

107 2325 264 2366 interea
285 2325 388 2380 pubi
410 2326 634 2368 indomitae
657 2342 742 2369 non
765 2327 956 2383 gramina
979 2333 1154 2378 tantum,

108 2400 186 2428 nec
208 2400 355 2428 vescas
381 2387 554 2429 salicum
577 2387 746 2430 fiondes
770 2389 994 2443 ulvamque
1017 2389 1256 2443 palustrem,

110 2447 185 2490 sed
207 2447 415 2490 frumenta
438 2463 566 2490 manu
589 2463 734 2504 carpes
759 2455 867 2491 sata:
893 2464 970 2491 nec
994 2450 1069 2492 tibi
1091 2450 1200 2492 fetae

110 2524 223 2552 more
246 2516 411 2566 patrum
434 2510 556 2552 nivea
578 2510 796 2566 inplebunt
818 2511 1055 2554 mulctraria
1077 2526 1242 2562 vaccae,

112 2573 186 2614 sed
209 2578 295 2614 tota
318 2573 362 2613 in
385 2573 527 2614 dulces
551 2579 797 2615 consument
818 2573 948 2615 ubera
970 2580 1103 2616 natos.

171 2633 248 2676 Sin
271 2634 325 2676 ad
347 2633 457 2676 bella
479 2634 614 2691 magis
639 2635 823 2677 studium
847 2642 1087 2690 turmasque
1112 2635 1274 2686 ferocis,

113 2703 184 2738 aut
206 2696 373 2752 Alphea
395 2697 496 2739 rotis
520 2696 705 2752 praelabi
728 2697 898 2739 flumina
922 2697 1047 2739 Pisae

115 2764 156 2798 et
178 2757 290 2800 Iovis
314 2759 358 2811 in
380 2758 474 2801 luco
499 2773 643 2801 currus
668 2760 823 2815 agitare
848 2760 1047 2806 volantes.

1401 282 1451 323 61

1486 533 1549 562 145

1491 850 1554 880 150

1491 1160 1556 1190 155

1495 1471 1559 1501 160

1498 1781 1561 1811 165

1500 2091 1563 2121 170

1501 2401 1564 2430 175>

1501 2710 1565 2742 180
