1820 3080
300 677 363 707 290

299 979 361 1011 295

299 1285 362 1315 300

298 1589 360 1618 305

298 1892 362 1922 310

299 2197 362 2227 315

300 2502 363 2532 320

394 311 476 354 306
795 316 1088 352 P.VERG1L11
1108 315 1333 352 MARONIS

389 428 494 462 terra
517 420 643 468 viros,
669 418 773 458 ultro
797 416 987 457 Inachias
1011 416 1191 458 venisset
1215 416 1266 457 ad
1291 416 1411 458 urbes

387 481 608 522 Dardanus
634 484 674 520 et
696 477 826 519 versis
848 477 1008 532 lugeret
1033 474 1208 519 Graecia
1229 476 1339 519 satis.

387 540 585 595 quidquid
609 538 719 594 apud
742 538 868 580 durae
892 543 1099 580 cessatum
1122 543 1186 580 est
1207 538 1370 580 moenia
1393 538 1554 590 Troiae,

387 600 578 642 Hectoris
602 599 853 653 Aeneaeque
876 613 1003 640 manu
1025 598 1195 641 victoria
1219 597 1391 643 Graium

386 661 518 703 haesit
542 667 582 702 et
604 660 647 701 in
670 660 877 701 decimum
901 659 1086 715 vestigia
1108 660 1264 702 rettulit
1286 676 1450 703 annum.

386 721 507 764 ambo
531 721 696 771 animis,
722 720 843 763 ambo
866 721 1048 777 insignes
1072 721 1372 776 praestantibus
1397 723 1539 772 armis;

386 784 453 825 hic
474 783 624 839 pietate
646 782 768 837 prior.
794 787 939 824 coeant
961 782 1004 824 in
1026 782 1194 825 foedera
1216 783 1394 832 dextrae,

386 859 468 898 qua
490 844 627 894 datur3
652 849 717 885 ast
740 843 863 886 annis
888 849 1130 886 concurrant
1152 859 1266 886 arma
1289 850 1458 886 cavete!

387 912 427 947 et
448 919 647 960 responsa
670 904 793 947 simul
816 919 921 959 quae
945 904 1044 955 sint,
1067 920 1142 947 rex
1165 905 1334 960 optime,
1358 906 1468 961 regis

386 966 537 1009 audisti
561 972 601 1007 et
623 980 729 1021 quae
754 966 807 1008 sit
830 980 980 1023 magno
1005 967 1206 1008 sententia
1229 966 1376 1008 bello.“

440 1027 522 1069 Vix
549 1041 598 1068 ea
618 1026 762 1083 legati,
788 1027 1007 1081 variusque
1030 1041 1104 1082 per
1126 1042 1198 1069 ora
1221 1027 1397 1069 cucurrit

384 1087 648 1130 Ausonidum
671 1086 833 1129 turbata
855 1087 1025 1137 fremor,
1051 1102 1127 1129 ceu
1151 1103 1252 1129 saxa
1274 1094 1481 1130 morantur

386 1164 480 1191 cum
502 1148 667 1204 rapidos
691 1148 841 1199 amnis,
866 1148 912 1190 fit
935 1148 1075 1190 clauso
1097 1149 1260 1205 gurgite
1283 1164 1477 1199 murmur,

384 1210 623 1263 vicinaeque
646 1209 826 1251 fremunt
847 1209 960 1264 ripae
984 1209 1275 1264 crepitantibus
1299 1211 1433 1251 undis.

385 1278 431 1312 ut
452 1271 630 1325 primum
653 1270 802 1325 placati
826 1270 951 1311 animi
975 1276 1016 1312 et
1040 1271 1199 1325 trepida
1221 1285 1293 1312 ora
1315 1271 1517 1324 quierunt,

385 1331 594 1386 praefatus
619 1331 737 1372 divos
762 1330 865 1373 solio
887 1345 960 1372 rex
982 1330 1073 1372 infit
1095 1330 1148 1372 ab
1173 1331 1273 1373 alto:

444 1391 581 1443 „Ante
605 1392 795 1445 equidem
819 1406 980 1433 summa
1003 1392 1053 1434 de
1076 1406 1120 1434 re
1146 1392 1355 1441 statuisse,
1380 1392 1534 1441 Latini,

386 1459 427 1494 et
448 1453 596 1494 vellem
619 1460 660 1494 et
683 1453 817 1494 fuerat
839 1452 1004 1502 melius,
1029 1467 1111 1494 non
1135 1459 1318 1508 tempore
1342 1453 1413 1494 tali

386 1527 532 1569 cogere
557 1513 792 1563 concilium,
818 1526 912 1555 cum
936 1527 1074 1556 muros
1098 1514 1258 1556 adsidet
1280 1514 1423 1556 hostis.

385 1575 538 1617 bellum
561 1575 843 1630 inportunum,
868 1575 998 1626 cives,
1024 1590 1118 1617 cum
1140 1582 1264 1632 gente
1287 1575 1457 1617 deorum

384 1636 627 1690 invictisque
651 1636 749 1678 viris
772 1636 973 1692 gerimus,
998 1650 1103 1690 quos
1126 1636 1239 1678 nulla
1262 1636 1436 1692 fatigant

383 1697 556 1752 proelia,
583 1711 657 1739 nec
681 1697 779 1739 victi
800 1703 975 1753 possunt
998 1697 1194 1740 absistere
1219 1698 1339 1740 ferro.

387 1772 503 1813 spem
528 1758 562 1799 si
585 1772 710 1811 quam
734 1758 901 1800 adscitis
925 1757 1123 1801 Aetolum
1146 1758 1347 1800 habuistis
1370 1758 1414 1800 in
1437 1758 1573 1808 armis,

384 1818 536 1873 ponite.
562 1833 657 1874 spes
682 1814 761 1860 sibi
782 1818 976 1873 quisque3
1002 1819 1076 1861 sed
1099 1819 1201 1861 haec
1224 1833 1348 1873 quam
1372 1825 1547 1874 angusta
1570 1818 1727 1860 videtis.

385 1885 520 1920 cetera
542 1893 625 1932 qua
646 1893 783 1920 rerum
806 1879 965 1921 iaceant
987 1880 1176 1935 perculsa
1197 1881 1328 1929 ruina,

386 1946 479 1981 ante
503 1939 643 1981 oculos
667 1939 852 1993 interque
874 1955 1023 1982 manus
1048 1947 1144 1982 sunt
1166 1942 1303 1982 omnia
1325 1946 1495 1983 vestras.

386 2014 462 2041 nec
484 2014 732 2054 quemquam
754 2000 917 2042 incuso:
941 2001 1074 2055 potuit
1095 2015 1200 2054 quae
1222 2001 1398 2056 plurima
1420 2002 1550 2043 virtus

386 2075 496 2110 esse,
521 2060 620 2111 fuit3
644 2066 730 2102 toto
755 2066 953 2102 certatum
977 2067 1041 2103 est
1063 2075 1231 2116 corpore
1254 2062 1382 2116 regni.

385 2135 494 2163 nunc
518 2121 640 2171 adeo,
664 2135 770 2175 quae
794 2121 848 2163 sit
868 2121 1018 2164 dubiae
1043 2122 1244 2164 sententia
1266 2122 1404 2170 menti,

386 2181 603 2238 expediam
626 2187 667 2223 et
689 2182 831 2237 paucis
857 2207 911 2213 ——
934 2183 1093 2225 animos
1117 2182 1307 2225 adhibete
1330 2207 1384 2213 —-
1408 2181 1576 2224 docebo.

386 2250 450 2285 est
472 2243 664 2298 antiquus
689 2258 788 2300 ager
811 2243 950 2286 Tusco
972 2244 1074 2286 mihi
1095 2245 1307 2299 proximus
1331 2245 1453 2293 amni,

386 2305 534 2360 longus
557 2305 600 2346 in
623 2319 833 2355 occasum,
858 2305 951 2354 finis
977 2319 1100 2360 super
1121 2319 1253 2359 usque
1278 2303 1471 2353 Sicanos;

385 2365 574 2409 Aurunci
596 2365 822 2420 Rutulique
847 2372 987 2408 serunt
1009 2372 1051 2408 et
1072 2379 1236 2408 vomere
1260 2366 1384 2408 duros

387 2433 578 2469 exercent
601 2427 725 2469 colles
749 2433 871 2482 atque
894 2427 1042 2469 horum
1064 2428 1289 2483 asperrima
1309 2432 1497 2482 pascunt.

386 2489 489 2530 haec
512 2488 644 2531 omnis
667 2488 781 2545 regio
805 2495 847 2531 et
869 2488 968 2531 celsi
990 2488 1114 2546 plaga
1135 2488 1257 2544 pinea
1278 2488 1427 2531 montis

388 2550 506 2591 cedat
528 2549 729 2592 amicitiae
753 2549 1025 2600 Teucrorum,
1051 2556 1091 2592 et
1113 2549 1290 2592 foederis
1314 2563 1465 2603 aequas

387 2611 572 2652 dicamus
595 2606 729 2667 leges,
755 2610 970 2666 sociosque
993 2610 1037 2652 in
1057 2625 1185 2667 regna
1207 2624 1420 2659 vocemus;

389 2671 620 2722 considant,
646 2671 682 2713 si
705 2677 842 2714 tantus
865 2686 998 2721 amor,
1022 2677 1064 2714 et
1085 2671 1247 2714 moenia
1270 2670 1457 2713 condant.

332 2773 335 2774 γ
389 2731 453 2773 sin
476 2731 576 2773 alios
600 2731 693 2773 finis
717 2727 919 2786 aliamque
944 2738 1156 2787 capessere
1179 2737 1343 2787 gentem
