<?xml version="1.0" encoding="UTF-8"?>
<!DOCTYPE html PUBLIC "-//W3C//DTD XHTML 1.0 Transitional//EN"
    "http://www.w3.org/TR/xhtml1/DTD/xhtml1-transitional.dtd">
<html xmlns="http://www.w3.org/1999/xhtml" xml:lang="en" lang="en">
 <head>
  <title>
</title>
<meta http-equiv="Content-Type" content="text/html;charset=utf-8" />
  <meta name='ocr-system' content='tesseract 3.04.00' />
  <meta name='ocr-capabilities' content='ocr_page ocr_carea ocr_par ocr_line ocrx_word'/>
</head>
<body>
  <div class='ocr_page' id='page_1' title='image "./operavirg00virguoft_0372.png"; bbox 0 0 1820 3054; ppageno 0'>
   <div class='ocr_carea' id='block_1_1' title="bbox 378 334 1311 377">
    <p class='ocr_par' dir='ltr' id='par_1_1' title="bbox 378 334 1311 377">
     <span class='ocr_line' id='line_1_1' title="bbox 378 334 1311 377; baseline -0.001 -1"><span class='ocrx_word' id='word_1_1' title='bbox 378 334 460 376; x_wconf 84' lang='lat'>340</span> <span class='ocrx_word' id='word_1_2' title='bbox 778 342 820 375; x_wconf 88' lang='lat' dir='ltr'>P.</span> <span class='ocrx_word' id='word_1_3' title='bbox 839 340 1071 376; x_wconf 81' lang='lat' dir='ltr'><strong>VERGILII</strong></span> <span class='ocrx_word' id='word_1_4' title='bbox 1087 338 1311 377; x_wconf 82' lang='lat' dir='ltr'>MARONIS</span> 
     </span>
    </p>
   </div>
   <div class='ocr_carea' id='block_1_2' title="bbox 278 441 1600 2811">
    <p class='ocr_par' dir='ltr' id='par_1_2' title="bbox 278 441 1600 2811">
     <span class='ocr_line' id='line_1_2' title="bbox 373 441 1436 497; baseline -0.001 -12"><span class='ocrx_word' id='word_1_5' title='bbox 373 443 585 485; x_wconf 86' lang='lat' dir='ltr'>involvens</span> <span class='ocrx_word' id='word_1_6' title='bbox 610 455 768 483; x_wconf 82' lang='lat' dir='ltr'>secum:</span> <span class='ocrx_word' id='word_1_7' title='bbox 794 441 963 482; x_wconf 87' lang='lat' dir='ltr'>disiecta</span> <span class='ocrx_word' id='word_1_8' title='bbox 986 455 1059 496; x_wconf 87' lang='lat' dir='ltr'>per</span> <span class='ocrx_word' id='word_1_9' title='bbox 1082 442 1247 497; x_wconf 84' lang='lat' dir='ltr'>agmina</span> <span class='ocrx_word' id='word_1_10' title='bbox 1271 442 1436 485; x_wconf 87' lang='lat' dir='ltr'>Turnus</span> 
     </span>
     <span class='ocr_line' id='line_1_3' title="bbox 287 501 1346 557; baseline -0.004 -9"><span class='ocrx_word' id='word_1_11' title='bbox 287 517 351 548; x_wconf 81' lang='lat'>690</span> <span class='ocrx_word' id='word_1_12' title='bbox 376 504 435 546; x_wconf 88' lang='lat' dir='ltr'>sic</span> <span class='ocrx_word' id='word_1_13' title='bbox 457 502 570 544; x_wconf 88' lang='lat' dir='ltr'>urbis</span> <span class='ocrx_word' id='word_1_14' title='bbox 593 502 675 543; x_wconf 92' lang='lat' dir='ltr'>ruit</span> <span class='ocrx_word' id='word_1_15' title='bbox 697 501 751 543; x_wconf 85' lang='lat' dir='ltr'>ad</span> <span class='ocrx_word' id='word_1_16' title='bbox 773 516 934 552; x_wconf 91' lang='lat' dir='ltr'>muros,</span> <span class='ocrx_word' id='word_1_17' title='bbox 958 501 1031 543; x_wconf 90' lang='lat' dir='ltr'>ubi</span> <span class='ocrx_word' id='word_1_18' title='bbox 1052 502 1228 557; x_wconf 87' lang='lat' dir='ltr'>plurima</span> <span class='ocrx_word' id='word_1_19' title='bbox 1251 502 1346 544; x_wconf 84' lang='lat' dir='ltr'>fuso</span> 
     </span>
     <span class='ocr_line' id='line_1_4' title="bbox 374 563 1561 620; baseline 0 -13"><span class='ocrx_word' id='word_1_20' title='bbox 374 564 572 620; x_wconf 86' lang='lat' dir='ltr'>sanguine</span> <span class='ocrx_word' id='word_1_21' title='bbox 595 569 702 606; x_wconf 86' lang='lat' dir='ltr'>terra</span> <span class='ocrx_word' id='word_1_22' title='bbox 725 563 880 613; x_wconf 89' lang='lat' dir='ltr'>madet,</span> <span class='ocrx_word' id='word_1_23' title='bbox 907 563 1162 617; x_wconf 83' lang='lat' dir='ltr'>striduntque</span> <span class='ocrx_word' id='word_1_24' title='bbox 1185 563 1401 606; x_wconf 89' lang='lat' dir='ltr'>hastilibus</span> <span class='ocrx_word' id='word_1_25' title='bbox 1425 578 1561 615; x_wconf 86' lang='lat' dir='ltr'>aurae,</span> 
     </span>
     <span class='ocr_line' id='line_1_5' title="bbox 374 624 1466 680; baseline -0.001 -13"><span class='ocrx_word' id='word_1_26' title='bbox 374 624 657 680; x_wconf 84' lang='lat' dir='ltr'>significatque</span> <span class='ocrx_word' id='word_1_27' title='bbox 680 639 806 666; x_wconf 88' lang='lat' dir='ltr'>manu</span> <span class='ocrx_word' id='word_1_28' title='bbox 829 629 870 665; x_wconf 91' lang='lat' dir='ltr'>et</span> <span class='ocrx_word' id='word_1_29' title='bbox 892 638 1043 680; x_wconf 86' lang='lat' dir='ltr'>magno</span> <span class='ocrx_word' id='word_1_30' title='bbox 1068 624 1190 666; x_wconf 89' lang='lat' dir='ltr'>simul</span> <span class='ocrx_word' id='word_1_31' title='bbox 1212 624 1355 680; x_wconf 83' lang='lat' dir='ltr'><strong>incipit</strong></span> <span class='ocrx_word' id='word_1_32' title='bbox 1377 639 1466 666; x_wconf 88' lang='lat' dir='ltr'>ore:</span> 
     </span>
     <span class='ocr_line' id='line_1_6' title="bbox 375 685 1540 740; baseline 0.001 -14"><span class='ocrx_word' id='word_1_33' title='bbox 375 685 554 740; x_wconf 89' lang='lat' dir='ltr'>„parcite</span> <span class='ocrx_word' id='word_1_34' title='bbox 577 685 678 736; x_wconf 88' lang='lat' dir='ltr'>iam,</span> <span class='ocrx_word' id='word_1_35' title='bbox 703 685 865 735; x_wconf 80' lang='lat' dir='ltr'><strong>Rutuli,</strong></span> <span class='ocrx_word' id='word_1_36' title='bbox 891 690 932 726; x_wconf 89' lang='lat' dir='ltr'>et</span> <span class='ocrx_word' id='word_1_37' title='bbox 954 700 1028 727; x_wconf 90' lang='lat' dir='ltr'>vos</span> <span class='ocrx_word' id='word_1_38' title='bbox 1053 685 1135 727; x_wconf 90' lang='lat' dir='ltr'>tela</span> <span class='ocrx_word' id='word_1_39' title='bbox 1156 685 1355 736; x_wconf 89' lang='lat' dir='ltr'>inhibete,</span> <span class='ocrx_word' id='word_1_40' title='bbox 1379 685 1521 727; x_wconf 89' lang='lat' dir='ltr'>Latini</span> <span class='ocrx_word' id='word_1_41' title='bbox 1528 702 1540 736; x_wconf 83' lang='lat'><em>3</em></span> 
     </span>
     <span class='ocr_line' id='line_1_7' title="bbox 370 740 1568 801; baseline 0 -13"><span class='ocrx_word' id='word_1_42' title='bbox 370 760 651 801; x_wconf 87' lang='lat' dir='ltr'>quaecumque</span> <span class='ocrx_word' id='word_1_43' title='bbox 676 752 739 788; x_wconf 92' lang='lat' dir='ltr'>est</span> <span class='ocrx_word' id='word_1_44' title='bbox 761 746 944 797; x_wconf 89' lang='lat' dir='ltr'>fortuna,</span> <span class='ocrx_word' id='word_1_45' title='bbox 969 761 1062 788; x_wconf 88' lang='lat' dir='ltr'>mea</span> <span class='ocrx_word' id='word_1_46' title='bbox 1085 752 1166 797; x_wconf 85' lang='lat' dir='ltr'>est3</span> <span class='ocrx_word' id='word_1_47' title='bbox 1190 761 1257 788; x_wconf 91' lang='lat' dir='ltr'>me</span> <span class='ocrx_word' id='word_1_48' title='bbox 1280 747 1417 789; x_wconf 87' lang='lat' dir='ltr'>verius</span> <span class='ocrx_word' id='word_1_49' title='bbox 1440 740 1568 788; x_wconf 76' lang='lat' dir='ltr'>unum</span> 
     </span>
     <span class='ocr_line' id='line_1_8' title="bbox 282 807 1366 862; baseline -0.002 -11"><span class='ocrx_word' id='word_1_50' title='bbox 282 820 345 851; x_wconf 83' lang='lat'>695</span> <span class='ocrx_word' id='word_1_51' title='bbox 367 821 442 862; x_wconf 90' lang='lat' dir='ltr'>pro</span> <span class='ocrx_word' id='word_1_52' title='bbox 465 807 582 850; x_wconf 89' lang='lat' dir='ltr'>vobis</span> <span class='ocrx_word' id='word_1_53' title='bbox 605 807 753 849; x_wconf 90' lang='lat' dir='ltr'>foedus</span> <span class='ocrx_word' id='word_1_54' title='bbox 776 807 888 849; x_wconf 90' lang='lat' dir='ltr'>luere</span> <span class='ocrx_word' id='word_1_55' title='bbox 912 813 953 849; x_wconf 87' lang='lat' dir='ltr'>et</span> <span class='ocrx_word' id='word_1_56' title='bbox 976 807 1192 849; x_wconf 85' lang='lat' dir='ltr'>decernere</span> <span class='ocrx_word' id='word_1_57' title='bbox 1216 807 1366 849; x_wconf 86' lang='lat' dir='ltr'>ferro.“</span> 
     </span>
     <span class='ocr_line' id='line_1_9' title="bbox 369 868 1394 923; baseline 0.001 -14"><span class='ocrx_word' id='word_1_58' title='bbox 369 869 595 910; x_wconf 82' lang='lat' dir='ltr'>discessere</span> <span class='ocrx_word' id='word_1_59' title='bbox 619 883 760 910; x_wconf 92' lang='lat' dir='ltr'>omnes</span> <span class='ocrx_word' id='word_1_60' title='bbox 784 868 927 918; x_wconf 87' lang='lat' dir='ltr'>medii,</span> <span class='ocrx_word' id='word_1_61' title='bbox 954 868 1211 923; x_wconf 86' lang='lat' dir='ltr'>spatiumque</span> <span class='ocrx_word' id='word_1_62' title='bbox 1235 869 1394 910; x_wconf 90' lang='lat' dir='ltr'>dedere.</span> 
     </span>
     <span class='ocr_line' id='line_1_10' title="bbox 423 928 1313 984; baseline 0.001 -14"><span class='ocrx_word' id='word_1_63' title='bbox 423 928 484 970; x_wconf 85' lang='lat' dir='ltr'>At</span> <span class='ocrx_word' id='word_1_64' title='bbox 505 935 622 984; x_wconf 87' lang='lat' dir='ltr'>pater</span> <span class='ocrx_word' id='word_1_65' title='bbox 642 928 810 971; x_wconf 84' lang='lat' dir='ltr'>Aeneas</span> <span class='ocrx_word' id='word_1_66' title='bbox 834 929 972 971; x_wconf 83' lang='lat' dir='ltr'>audito</span> <span class='ocrx_word' id='word_1_67' title='bbox 995 930 1158 971; x_wconf 88' lang='lat' dir='ltr'>nomine</span> <span class='ocrx_word' id='word_1_68' title='bbox 1183 929 1313 971; x_wconf 86' lang='lat' dir='ltr'>Turni</span> 
     </span>
     <span class='ocr_line' id='line_1_11' title="bbox 368 990 1336 1041; baseline 0.002 -10"><span class='ocrx_word' id='word_1_69' title='bbox 368 990 518 1031; x_wconf 88' lang='lat' dir='ltr'>deserit</span> <span class='ocrx_word' id='word_1_70' title='bbox 542 997 582 1032; x_wconf 90' lang='lat' dir='ltr'>et</span> <span class='ocrx_word' id='word_1_71' title='bbox 604 1006 742 1032; x_wconf 90' lang='lat' dir='ltr'>muros</span> <span class='ocrx_word' id='word_1_72' title='bbox 767 997 807 1032; x_wconf 89' lang='lat' dir='ltr'>et</span> <span class='ocrx_word' id='word_1_73' title='bbox 831 1006 1012 1032; x_wconf 89' lang='lat' dir='ltr'>summas</span> <span class='ocrx_word' id='word_1_74' title='bbox 1036 991 1187 1032; x_wconf 89' lang='lat' dir='ltr'>deserit</span> <span class='ocrx_word' id='word_1_75' title='bbox 1210 1006 1336 1041; x_wconf 89' lang='lat' dir='ltr'>arces,</span> 
     </span>
     <span class='ocr_line' id='line_1_12' title="bbox 368 1051 1520 1107; baseline 0.002 -16"><span class='ocrx_word' id='word_1_76' title='bbox 368 1051 688 1106; x_wconf 83' lang='lat' dir='ltr'>praecipitatque</span> <span class='ocrx_word' id='word_1_77' title='bbox 712 1066 848 1093; x_wconf 87' lang='lat' dir='ltr'>moras</span> <span class='ocrx_word' id='word_1_78' title='bbox 874 1052 1024 1101; x_wconf 91' lang='lat' dir='ltr'>omnis,</span> <span class='ocrx_word' id='word_1_79' title='bbox 1051 1066 1175 1106; x_wconf 90' lang='lat' dir='ltr'>opera</span> <span class='ocrx_word' id='word_1_80' title='bbox 1198 1052 1335 1093; x_wconf 89' lang='lat' dir='ltr'>omnia</span> <span class='ocrx_word' id='word_1_81' title='bbox 1356 1053 1520 1107; x_wconf 82' lang='lat' dir='ltr'>rumpit,</span> 
     </span>
     <span class='ocr_line' id='line_1_13' title="bbox 282 1111 1464 1166; baseline 0 -12"><span class='ocrx_word' id='word_1_82' title='bbox 282 1123 345 1154; x_wconf 90' lang='lat'>700</span> <span class='ocrx_word' id='word_1_83' title='bbox 367 1112 521 1153; x_wconf 87' lang='lat' dir='ltr'>laetitia</span> <span class='ocrx_word' id='word_1_84' title='bbox 544 1112 772 1163; x_wconf 83' lang='lat' dir='ltr'>exsultans,</span> <span class='ocrx_word' id='word_1_85' title='bbox 797 1111 1125 1166; x_wconf 83' lang='lat' dir='ltr'>horrendumque</span> <span class='ocrx_word' id='word_1_86' title='bbox 1149 1113 1305 1154; x_wconf 88' lang='lat' dir='ltr'>intonat</span> <span class='ocrx_word' id='word_1_87' title='bbox 1328 1113 1464 1162; x_wconf 87' lang='lat' dir='ltr'>armis,</span> 
     </span>
     <span class='ocr_line' id='line_1_14' title="bbox 368 1172 1571 1228; baseline 0.002 -15"><span class='ocrx_word' id='word_1_88' title='bbox 368 1178 544 1226; x_wconf 89' lang='lat' dir='ltr'>quantus</span> <span class='ocrx_word' id='word_1_89' title='bbox 568 1172 705 1215; x_wconf 85' lang='lat' dir='ltr'>Athos</span> <span class='ocrx_word' id='word_1_90' title='bbox 730 1179 800 1214; x_wconf 90' lang='lat' dir='ltr'>aut</span> <span class='ocrx_word' id='word_1_91' title='bbox 823 1179 999 1227; x_wconf 84' lang='lat' dir='ltr'>quantus</span> <span class='ocrx_word' id='word_1_92' title='bbox 1023 1173 1141 1228; x_wconf 86' lang='lat' dir='ltr'>Eryx</span> <span class='ocrx_word' id='word_1_93' title='bbox 1165 1179 1235 1214; x_wconf 87' lang='lat' dir='ltr'>aut</span> <span class='ocrx_word' id='word_1_94' title='bbox 1257 1173 1365 1228; x_wconf 88' lang='lat' dir='ltr'>ipse,</span> <span class='ocrx_word' id='word_1_95' title='bbox 1391 1174 1571 1215; x_wconf 85' lang='lat' dir='ltr'>coruscis</span> 
     </span>
     <span class='ocr_line' id='line_1_15' title="bbox 370 1234 1456 1289; baseline 0.001 -15"><span class='ocrx_word' id='word_1_96' title='bbox 370 1248 464 1274; x_wconf 92' lang='lat' dir='ltr'>cum</span> <span class='ocrx_word' id='word_1_97' title='bbox 488 1234 625 1275; x_wconf 88' lang='lat' dir='ltr'>fremit</span> <span class='ocrx_word' id='word_1_98' title='bbox 647 1234 827 1284; x_wconf 89' lang='lat' dir='ltr'>ilicibus,</span> <span class='ocrx_word' id='word_1_99' title='bbox 854 1240 1048 1288; x_wconf 89' lang='lat' dir='ltr'>quantus,</span> <span class='ocrx_word' id='word_1_100' title='bbox 1074 1235 1307 1289; x_wconf 86' lang='lat' dir='ltr'>gaudetque</span> <span class='ocrx_word' id='word_1_101' title='bbox 1329 1235 1456 1276; x_wconf 82' lang='lat' dir='ltr'>nivali</span> 
     </span>
     <span class='ocr_line' id='line_1_16' title="bbox 368 1294 1471 1350; baseline 0.001 -15"><span class='ocrx_word' id='word_1_102' title='bbox 368 1295 519 1336; x_wconf 86' lang='lat' dir='ltr'>vertice</span> <span class='ocrx_word' id='word_1_103' title='bbox 544 1309 588 1336; x_wconf 91' lang='lat' dir='ltr'>se</span> <span class='ocrx_word' id='word_1_104' title='bbox 612 1295 801 1337; x_wconf 86' lang='lat' dir='ltr'>attollens</span> <span class='ocrx_word' id='word_1_105' title='bbox 824 1301 941 1350; x_wconf 90' lang='lat' dir='ltr'>pater</span> <span class='ocrx_word' id='word_1_106' title='bbox 963 1294 1237 1349; x_wconf 89' lang='lat' dir='ltr'>Appenninus</span> <span class='ocrx_word' id='word_1_107' title='bbox 1262 1295 1315 1336; x_wconf 87' lang='lat' dir='ltr'>ad</span> <span class='ocrx_word' id='word_1_108' title='bbox 1338 1310 1471 1337; x_wconf 87' lang='lat' dir='ltr'>auras.</span> 
     </span>
     <span class='ocr_line' id='line_1_17' title="bbox 367 1354 1455 1397; baseline 0.001 -2"><span class='ocrx_word' id='word_1_109' title='bbox 367 1354 449 1395; x_wconf 86' lang='lat' dir='ltr'>iam</span> <span class='ocrx_word' id='word_1_110' title='bbox 473 1369 569 1396; x_wconf 90' lang='lat' dir='ltr'>vero</span> <span class='ocrx_word' id='word_1_111' title='bbox 594 1361 634 1396; x_wconf 87' lang='lat' dir='ltr'>et</span> <span class='ocrx_word' id='word_1_112' title='bbox 656 1355 800 1397; x_wconf 85' lang='lat' dir='ltr'>Rutuli</span> <span class='ocrx_word' id='word_1_113' title='bbox 824 1356 1007 1397; x_wconf 85' lang='lat' dir='ltr'>certatim</span> <span class='ocrx_word' id='word_1_114' title='bbox 1032 1362 1072 1396; x_wconf 88' lang='lat' dir='ltr'>et</span> <span class='ocrx_word' id='word_1_115' title='bbox 1095 1355 1224 1396; x_wconf 89' lang='lat' dir='ltr'>Troes</span> <span class='ocrx_word' id='word_1_116' title='bbox 1250 1361 1290 1397; x_wconf 87' lang='lat' dir='ltr'>et</span> <span class='ocrx_word' id='word_1_117' title='bbox 1314 1370 1455 1396; x_wconf 88' lang='lat' dir='ltr'>omnes</span> 
     </span>
     <span class='ocr_line' id='line_1_18' title="bbox 281 1415 1402 1469; baseline 0 -12"><span class='ocrx_word' id='word_1_118' title='bbox 281 1427 343 1458; x_wconf 84' lang='lat'>705</span> <span class='ocrx_word' id='word_1_119' title='bbox 369 1421 602 1456; x_wconf 88' lang='lat' dir='ltr'>convertere</span> <span class='ocrx_word' id='word_1_120' title='bbox 627 1416 766 1457; x_wconf 90' lang='lat' dir='ltr'>oculos</span> <span class='ocrx_word' id='word_1_121' title='bbox 791 1416 904 1466; x_wconf 90' lang='lat' dir='ltr'>Itali,</span> <span class='ocrx_word' id='word_1_122' title='bbox 931 1417 1081 1469; x_wconf 92' lang='lat' dir='ltr'>quique</span> <span class='ocrx_word' id='word_1_123' title='bbox 1105 1416 1187 1457; x_wconf 87' lang='lat' dir='ltr'>alta</span> <span class='ocrx_word' id='word_1_124' title='bbox 1209 1415 1402 1457; x_wconf 88' lang='lat' dir='ltr'>tenebant</span> 
     </span>
     <span class='ocr_line' id='line_1_19' title="bbox 366 1476 1414 1531; baseline 0.002 -15"><span class='ocrx_word' id='word_1_125' title='bbox 366 1476 545 1526; x_wconf 90' lang='lat' dir='ltr'>moenia,</span> <span class='ocrx_word' id='word_1_126' title='bbox 571 1476 721 1530; x_wconf 90' lang='lat' dir='ltr'>quique</span> <span class='ocrx_word' id='word_1_127' title='bbox 744 1477 849 1518; x_wconf 90' lang='lat' dir='ltr'>imos</span> <span class='ocrx_word' id='word_1_128' title='bbox 872 1476 1093 1531; x_wconf 85' lang='lat' dir='ltr'>pulsabant</span> <span class='ocrx_word' id='word_1_129' title='bbox 1116 1477 1239 1518; x_wconf 82' lang='lat' dir='ltr'>ariete</span> <span class='ocrx_word' id='word_1_130' title='bbox 1262 1491 1414 1526; x_wconf 89' lang='lat' dir='ltr'>muros,</span> 
     </span>
     <span class='ocr_line' id='line_1_20' title="bbox 368 1537 1498 1592; baseline 0.001 -15"><span class='ocrx_word' id='word_1_131' title='bbox 368 1551 560 1591; x_wconf 90' lang='lat' dir='ltr'>armaque</span> <span class='ocrx_word' id='word_1_132' title='bbox 584 1537 810 1591; x_wconf 89' lang='lat' dir='ltr'>deposuere</span> <span class='ocrx_word' id='word_1_133' title='bbox 832 1537 1025 1579; x_wconf 86' lang='lat' dir='ltr'>humeris.</span> <span class='ocrx_word' id='word_1_134' title='bbox 1052 1543 1188 1592; x_wconf 90' lang='lat' dir='ltr'>stupet</span> <span class='ocrx_word' id='word_1_135' title='bbox 1209 1537 1298 1592; x_wconf 91' lang='lat' dir='ltr'>ipse</span> <span class='ocrx_word' id='word_1_136' title='bbox 1321 1538 1498 1579; x_wconf 87' lang='lat' dir='ltr'>Latinus</span> 
     </span>
     <span class='ocr_line' id='line_1_21' title="bbox 367 1597 1300 1653; baseline 0.002 -15"><span class='ocrx_word' id='word_1_137' title='bbox 367 1597 562 1653; x_wconf 88' lang='lat' dir='ltr'>ingentis,</span> <span class='ocrx_word' id='word_1_138' title='bbox 587 1598 748 1653; x_wconf 88' lang='lat' dir='ltr'>genitos</span> <span class='ocrx_word' id='word_1_139' title='bbox 773 1598 945 1639; x_wconf 89' lang='lat' dir='ltr'>diversis</span> <span class='ocrx_word' id='word_1_140' title='bbox 969 1598 1152 1653; x_wconf 86' lang='lat' dir='ltr'>partibus</span> <span class='ocrx_word' id='word_1_141' title='bbox 1178 1598 1300 1648; x_wconf 89' lang='lat' dir='ltr'>orbis,</span> 
     </span>
     <span class='ocr_line' id='line_1_22' title="bbox 365 1659 1236 1701; baseline 0.002 -2"><span class='ocrx_word' id='word_1_142' title='bbox 365 1659 471 1700; x_wconf 89' lang='lat' dir='ltr'>inter</span> <span class='ocrx_word' id='word_1_143' title='bbox 494 1673 538 1700; x_wconf 88' lang='lat' dir='ltr'>se</span> <span class='ocrx_word' id='word_1_144' title='bbox 563 1659 709 1700; x_wconf 87' lang='lat' dir='ltr'>coiisse</span> <span class='ocrx_word' id='word_1_145' title='bbox 731 1659 841 1701; x_wconf 83' lang='lat' dir='ltr'>viros</span> <span class='ocrx_word' id='word_1_146' title='bbox 866 1665 906 1701; x_wconf 91' lang='lat' dir='ltr'>et</span> <span class='ocrx_word' id='word_1_147' title='bbox 930 1674 1093 1701; x_wconf 88' lang='lat' dir='ltr'>cernere</span> <span class='ocrx_word' id='word_1_148' title='bbox 1116 1659 1236 1701; x_wconf 85' lang='lat' dir='ltr'>ferro.</span> 
     </span>
     <span class='ocr_line' id='line_1_23' title="bbox 280 1720 1424 1777; baseline 0 -15"><span class='ocrx_word' id='word_1_149' title='bbox 280 1732 343 1762; x_wconf 88' lang='lat'>710</span> <span class='ocrx_word' id='word_1_150' title='bbox 367 1726 488 1773; x_wconf 89' lang='lat' dir='ltr'>atque</span> <span class='ocrx_word' id='word_1_151' title='bbox 512 1720 589 1770; x_wconf 91' lang='lat' dir='ltr'>illi,</span> <span class='ocrx_word' id='word_1_152' title='bbox 614 1726 661 1760; x_wconf 89' lang='lat' dir='ltr'>ut</span> <span class='ocrx_word' id='word_1_153' title='bbox 682 1734 814 1762; x_wconf 88' lang='lat' dir='ltr'>vacuo</span> <span class='ocrx_word' id='word_1_154' title='bbox 837 1727 1056 1775; x_wconf 87' lang='lat' dir='ltr'>patuerunt</span> <span class='ocrx_word' id='word_1_155' title='bbox 1079 1735 1254 1774; x_wconf 91' lang='lat' dir='ltr'>aequore</span> <span class='ocrx_word' id='word_1_156' title='bbox 1279 1722 1424 1777; x_wconf 89' lang='lat' dir='ltr'>campi,</span> 
     </span>
     <span class='ocr_line' id='line_1_24' title="bbox 365 1781 1303 1836; baseline 0.002 -14"><span class='ocrx_word' id='word_1_157' title='bbox 365 1796 565 1836; x_wconf 89' lang='lat' dir='ltr'>procursu</span> <span class='ocrx_word' id='word_1_158' title='bbox 587 1781 748 1836; x_wconf 88' lang='lat' dir='ltr'>rapido,</span> <span class='ocrx_word' id='word_1_159' title='bbox 775 1782 966 1824; x_wconf 88' lang='lat' dir='ltr'>coniectis</span> <span class='ocrx_word' id='word_1_160' title='bbox 992 1782 1150 1824; x_wconf 87' lang='lat' dir='ltr'>eminus</span> <span class='ocrx_word' id='word_1_161' title='bbox 1174 1782 1303 1824; x_wconf 87' lang='lat' dir='ltr'>hastis</span> 
     </span>
     <span class='ocr_line' id='line_1_25' title="bbox 365 1841 1379 1897; baseline 0.003 -15"><span class='ocrx_word' id='word_1_162' title='bbox 365 1842 566 1883; x_wconf 86' lang='lat' dir='ltr'>invadunt</span> <span class='ocrx_word' id='word_1_163' title='bbox 587 1841 767 1883; x_wconf 87' lang='lat' dir='ltr'>Martem</span> <span class='ocrx_word' id='word_1_164' title='bbox 791 1842 932 1897; x_wconf 89' lang='lat' dir='ltr'>clipeis</span> <span class='ocrx_word' id='word_1_165' title='bbox 957 1849 1079 1896; x_wconf 88' lang='lat' dir='ltr'>atque</span> <span class='ocrx_word' id='word_1_166' title='bbox 1103 1858 1196 1885; x_wconf 89' lang='lat' dir='ltr'>aere</span> <span class='ocrx_word' id='word_1_167' title='bbox 1221 1858 1379 1885; x_wconf 91' lang='lat' dir='ltr'>sonoro.</span> 
     </span>
     <span class='ocr_line' id='line_1_26' title="bbox 367 1902 1441 1958; baseline 0.004 -16"><span class='ocrx_word' id='word_1_168' title='bbox 367 1902 438 1943; x_wconf 90' lang='lat' dir='ltr'>dat</span> <span class='ocrx_word' id='word_1_169' title='bbox 459 1902 658 1958; x_wconf 87' lang='lat' dir='ltr'>gemitum</span> <span class='ocrx_word' id='word_1_170' title='bbox 681 1902 821 1953; x_wconf 83' lang='lat' dir='ltr'>tellus3</span> <span class='ocrx_word' id='word_1_171' title='bbox 847 1909 934 1944; x_wconf 87' lang='lat' dir='ltr'>tum</span> <span class='ocrx_word' id='word_1_172' title='bbox 958 1903 1121 1945; x_wconf 90' lang='lat' dir='ltr'>crebros</span> <span class='ocrx_word' id='word_1_173' title='bbox 1146 1904 1312 1946; x_wconf 87' lang='lat' dir='ltr'>ensibus</span> <span class='ocrx_word' id='word_1_174' title='bbox 1336 1905 1441 1946; x_wconf 89' lang='lat' dir='ltr'>ictus</span> 
     </span>
     <span class='ocr_line' id='line_1_27' title="bbox 367 1962 1472 2019; baseline 0.003 -16"><span class='ocrx_word' id='word_1_175' title='bbox 367 1963 672 2019; x_wconf 84' lang='lat' dir='ltr'>congeminant3</span> <span class='ocrx_word' id='word_1_176' title='bbox 697 1962 782 2004; x_wconf 83' lang='lat' dir='ltr'>fors</span> <span class='ocrx_word' id='word_1_177' title='bbox 808 1969 848 2004; x_wconf 91' lang='lat' dir='ltr'>et</span> <span class='ocrx_word' id='word_1_178' title='bbox 870 1964 999 2005; x_wconf 87' lang='lat' dir='ltr'>virtus</span> <span class='ocrx_word' id='word_1_179' title='bbox 1023 1965 1246 2006; x_wconf 87' lang='lat' dir='ltr'>miscentur</span> <span class='ocrx_word' id='word_1_180' title='bbox 1267 1965 1311 2006; x_wconf 89' lang='lat' dir='ltr'>in</span> <span class='ocrx_word' id='word_1_181' title='bbox 1332 1980 1472 2006; x_wconf 92' lang='lat' dir='ltr'>unum.</span> 
     </span>
     <span class='ocr_line' id='line_1_28' title="bbox 278 2022 1297 2079; baseline 0.001 -13"><span class='ocrx_word' id='word_1_182' title='bbox 278 2036 341 2066; x_wconf 86' lang='lat'>715</span> <span class='ocrx_word' id='word_1_183' title='bbox 366 2038 414 2065; x_wconf 90' lang='lat' dir='ltr'>ac</span> <span class='ocrx_word' id='word_1_184' title='bbox 436 2023 549 2064; x_wconf 90' lang='lat' dir='ltr'>velut</span> <span class='ocrx_word' id='word_1_185' title='bbox 571 2023 727 2079; x_wconf 88' lang='lat' dir='ltr'>ingenti</span> <span class='ocrx_word' id='word_1_186' title='bbox 752 2022 840 2065; x_wconf 85' lang='lat' dir='ltr'>Sila</span> <span class='ocrx_word' id='word_1_187' title='bbox 865 2039 1077 2066; x_wconf 88' lang='lat' dir='ltr'>summove</span> <span class='ocrx_word' id='word_1_188' title='bbox 1102 2025 1297 2067; x_wconf 88' lang='lat' dir='ltr'>Taburno</span> 
     </span>
     <span class='ocr_line' id='line_1_29' title="bbox 366 2085 1351 2140; baseline 0.001 -14"><span class='ocrx_word' id='word_1_189' title='bbox 366 2099 460 2126; x_wconf 92' lang='lat' dir='ltr'>cum</span> <span class='ocrx_word' id='word_1_190' title='bbox 483 2085 565 2126; x_wconf 89' lang='lat' dir='ltr'>duo</span> <span class='ocrx_word' id='word_1_191' title='bbox 589 2085 795 2129; x_wconf 87' lang='lat' dir='ltr'>conversis</span> <span class='ocrx_word' id='word_1_192' title='bbox 819 2085 983 2127; x_wconf 88' lang='lat' dir='ltr'>inimica</span> <span class='ocrx_word' id='word_1_193' title='bbox 1005 2086 1047 2126; x_wconf 91' lang='lat' dir='ltr'>in</span> <span class='ocrx_word' id='word_1_194' title='bbox 1069 2086 1224 2140; x_wconf 87' lang='lat' dir='ltr'>proelia</span> <span class='ocrx_word' id='word_1_195' title='bbox 1246 2086 1351 2127; x_wconf 85' lang='lat' dir='ltr'>tauri</span> 
     </span>
     <span class='ocr_line' id='line_1_30' title="bbox 365 2145 1394 2202; baseline 0.002 -16"><span class='ocrx_word' id='word_1_196' title='bbox 365 2145 567 2187; x_wconf 89' lang='lat' dir='ltr'>frontibus</span> <span class='ocrx_word' id='word_1_197' title='bbox 591 2145 801 2187; x_wconf 84' lang='lat' dir='ltr'>incurrunt</span> <span class='ocrx_word' id='word_1_198' title='bbox 807 2162 819 2196; x_wconf 86' lang='lat'>3</span> <span class='ocrx_word' id='word_1_199' title='bbox 842 2146 983 2202; x_wconf 90' lang='lat' dir='ltr'>pavidi</span> <span class='ocrx_word' id='word_1_200' title='bbox 1006 2161 1166 2188; x_wconf 89' lang='lat' dir='ltr'>cessere</span> <span class='ocrx_word' id='word_1_201' title='bbox 1189 2147 1394 2202; x_wconf 82' lang='lat' dir='ltr'>magistri3</span> 
     </span>
     <span class='ocr_line' id='line_1_31' title="bbox 366 2208 1599 2261; baseline 0.001 -14"><span class='ocrx_word' id='word_1_202' title='bbox 366 2212 447 2248; x_wconf 86' lang='lat' dir='ltr'>stat</span> <span class='ocrx_word' id='word_1_203' title='bbox 468 2220 595 2261; x_wconf 89' lang='lat' dir='ltr'>pecus</span> <span class='ocrx_word' id='word_1_204' title='bbox 620 2220 740 2248; x_wconf 90' lang='lat' dir='ltr'>omne</span> <span class='ocrx_word' id='word_1_205' title='bbox 763 2212 876 2248; x_wconf 91' lang='lat' dir='ltr'>metu</span> <span class='ocrx_word' id='word_1_206' title='bbox 897 2212 1074 2257; x_wconf 90' lang='lat' dir='ltr'>mutum,</span> <span class='ocrx_word' id='word_1_207' title='bbox 1099 2215 1368 2261; x_wconf 88' lang='lat' dir='ltr'>mussantque</span> <span class='ocrx_word' id='word_1_208' title='bbox 1391 2208 1599 2255; x_wconf 87' lang='lat' dir='ltr'>iuvencae,</span> 
     </span>
     <span class='ocr_line' id='line_1_32' title="bbox 365 2267 1600 2323; baseline 0.001 -16"><span class='ocrx_word' id='word_1_209' title='bbox 365 2267 456 2321; x_wconf 91' lang='lat' dir='ltr'>quis</span> <span class='ocrx_word' id='word_1_210' title='bbox 479 2267 636 2308; x_wconf 88' lang='lat' dir='ltr'>nemori</span> <span class='ocrx_word' id='word_1_211' title='bbox 658 2267 878 2323; x_wconf 87' lang='lat' dir='ltr'>imperitet,</span> <span class='ocrx_word' id='word_1_212' title='bbox 904 2282 1026 2322; x_wconf 91' lang='lat' dir='ltr'>quem</span> <span class='ocrx_word' id='word_1_213' title='bbox 1049 2274 1134 2309; x_wconf 88' lang='lat' dir='ltr'>tota</span> <span class='ocrx_word' id='word_1_214' title='bbox 1157 2274 1339 2310; x_wconf 89' lang='lat' dir='ltr'>armenta</span> <span class='ocrx_word' id='word_1_215' title='bbox 1363 2274 1600 2322; x_wconf 84' lang='lat' dir='ltr'>sequantur3</span> 
     </span>
     <span class='ocr_line' id='line_1_33' title="bbox 278 2328 1276 2379; baseline -0.001 -8"><span class='ocrx_word' id='word_1_216' title='bbox 278 2341 341 2372; x_wconf 83' lang='lat'>720</span> <span class='ocrx_word' id='word_1_217' title='bbox 364 2328 423 2369; x_wconf 88' lang='lat' dir='ltr'>illi</span> <span class='ocrx_word' id='word_1_218' title='bbox 445 2328 550 2369; x_wconf 90' lang='lat' dir='ltr'>inter</span> <span class='ocrx_word' id='word_1_219' title='bbox 573 2342 663 2370; x_wconf 90' lang='lat' dir='ltr'>sese</span> <span class='ocrx_word' id='word_1_220' title='bbox 686 2328 816 2370; x_wconf 89' lang='lat' dir='ltr'>multa</span> <span class='ocrx_word' id='word_1_221' title='bbox 838 2329 880 2369; x_wconf 89' lang='lat' dir='ltr'>vi</span> <span class='ocrx_word' id='word_1_222' title='bbox 902 2329 1070 2370; x_wconf 88' lang='lat' dir='ltr'>volnera</span> <span class='ocrx_word' id='word_1_223' title='bbox 1092 2329 1276 2379; x_wconf 88' lang='lat' dir='ltr'>miscent,</span> 
     </span>
     <span class='ocr_line' id='line_1_34' title="bbox 365 2389 1383 2446; baseline 0.001 -15"><span class='ocrx_word' id='word_1_224' title='bbox 365 2403 597 2443; x_wconf 86' lang='lat' dir='ltr'>cornuaque</span> <span class='ocrx_word' id='word_1_225' title='bbox 621 2389 762 2431; x_wconf 80' lang='lat' dir='ltr'>obnixi</span> <span class='ocrx_word' id='word_1_226' title='bbox 783 2389 959 2445; x_wconf 87' lang='lat' dir='ltr'>infigunt</span> <span class='ocrx_word' id='word_1_227' title='bbox 982 2395 1023 2431; x_wconf 88' lang='lat' dir='ltr'>et</span> <span class='ocrx_word' id='word_1_228' title='bbox 1046 2390 1246 2446; x_wconf 85' lang='lat' dir='ltr'>sanguine</span> <span class='ocrx_word' id='word_1_229' title='bbox 1268 2390 1383 2446; x_wconf 87' lang='lat' dir='ltr'>largo</span> 
     </span>
     <span class='ocr_line' id='line_1_35' title="bbox 365 2450 1593 2506; baseline -0.001 -15"><span class='ocrx_word' id='word_1_230' title='bbox 365 2450 469 2491; x_wconf 83' lang='lat' dir='ltr'>colla</span> <span class='ocrx_word' id='word_1_231' title='bbox 491 2465 708 2504; x_wconf 90' lang='lat' dir='ltr'>armosque</span> <span class='ocrx_word' id='word_1_232' title='bbox 730 2451 888 2502; x_wconf 82' lang='lat' dir='ltr'>lavant3</span> <span class='ocrx_word' id='word_1_233' title='bbox 911 2451 1068 2506; x_wconf 86' lang='lat' dir='ltr'>gemitu</span> <span class='ocrx_word' id='word_1_234' title='bbox 1089 2466 1234 2493; x_wconf 88' lang='lat' dir='ltr'>nemus</span> <span class='ocrx_word' id='word_1_235' title='bbox 1259 2466 1377 2493; x_wconf 90' lang='lat' dir='ltr'>omne</span> <span class='ocrx_word' id='word_1_236' title='bbox 1399 2450 1593 2505; x_wconf 87' lang='lat' dir='ltr'>remugit:</span> 
     </span>
     <span class='ocr_line' id='line_1_36' title="bbox 364 2511 1328 2555; baseline 0.002 -3"><span class='ocrx_word' id='word_1_237' title='bbox 364 2526 447 2553; x_wconf 90' lang='lat' dir='ltr'>non</span> <span class='ocrx_word' id='word_1_238' title='bbox 470 2511 586 2553; x_wconf 88' lang='lat' dir='ltr'>aliter</span> <span class='ocrx_word' id='word_1_239' title='bbox 609 2512 714 2554; x_wconf 89' lang='lat' dir='ltr'>Tros</span> <span class='ocrx_word' id='word_1_240' title='bbox 738 2511 905 2554; x_wconf 85' lang='lat' dir='ltr'>Aeneas</span> <span class='ocrx_word' id='word_1_241' title='bbox 931 2518 971 2554; x_wconf 88' lang='lat' dir='ltr'>et</span> <span class='ocrx_word' id='word_1_242' title='bbox 993 2512 1184 2555; x_wconf 88' lang='lat' dir='ltr'>Daunius</span> <span class='ocrx_word' id='word_1_243' title='bbox 1209 2513 1328 2555; x_wconf 88' lang='lat' dir='ltr'>heros</span> 
     </span>
     <span class='ocr_line' id='line_1_37' title="bbox 365 2572 1506 2629; baseline -0.001 -16"><span class='ocrx_word' id='word_1_244' title='bbox 365 2578 608 2614; x_wconf 89' lang='lat' dir='ltr'>concurrunt</span> <span class='ocrx_word' id='word_1_245' title='bbox 632 2572 792 2628; x_wconf 85' lang='lat' dir='ltr'>clipeis3</span> <span class='ocrx_word' id='word_1_246' title='bbox 817 2573 962 2629; x_wconf 86' lang='lat' dir='ltr'>ingens</span> <span class='ocrx_word' id='word_1_247' title='bbox 986 2573 1125 2629; x_wconf 85' lang='lat' dir='ltr'>fragor</span> <span class='ocrx_word' id='word_1_248' title='bbox 1148 2574 1312 2615; x_wconf 88' lang='lat' dir='ltr'>aethera</span> <span class='ocrx_word' id='word_1_249' title='bbox 1334 2572 1506 2628; x_wconf 86' lang='lat' dir='ltr'>conplet.</span> 
     </span>
     <span class='ocr_line' id='line_1_38' title="bbox 280 2632 1353 2688; baseline 0.001 -13"><span class='ocrx_word' id='word_1_250' title='bbox 280 2645 340 2675; x_wconf 82' lang='lat'>725</span> <span class='ocrx_word' id='word_1_251' title='bbox 364 2632 549 2687; x_wconf 87' lang='lat' dir='ltr'>Iuppiter</span> <span class='ocrx_word' id='word_1_252' title='bbox 571 2633 660 2688; x_wconf 90' lang='lat' dir='ltr'>ipse</span> <span class='ocrx_word' id='word_1_253' title='bbox 684 2634 786 2675; x_wconf 86' lang='lat' dir='ltr'>duas</span> <span class='ocrx_word' id='word_1_254' title='bbox 811 2640 984 2688; x_wconf 86' lang='lat' dir='ltr'>aequato</span> <span class='ocrx_word' id='word_1_255' title='bbox 1009 2635 1194 2676; x_wconf 87' lang='lat' dir='ltr'>examine</span> <span class='ocrx_word' id='word_1_256' title='bbox 1217 2635 1353 2676; x_wconf 86' lang='lat' dir='ltr'>lances</span> 
     </span>
     <span class='ocr_line' id='line_1_39' title="bbox 365 2693 1284 2750; baseline 0.002 -15"><span class='ocrx_word' id='word_1_257' title='bbox 365 2693 538 2735; x_wconf 89' lang='lat' dir='ltr'>sustinet</span> <span class='ocrx_word' id='word_1_258' title='bbox 561 2701 601 2735; x_wconf 88' lang='lat' dir='ltr'>et</span> <span class='ocrx_word' id='word_1_259' title='bbox 623 2694 710 2736; x_wconf 86' lang='lat' dir='ltr'>fata</span> <span class='ocrx_word' id='word_1_260' title='bbox 732 2695 891 2750; x_wconf 87' lang='lat' dir='ltr'>inponit</span> <span class='ocrx_word' id='word_1_261' title='bbox 914 2695 1076 2737; x_wconf 87' lang='lat' dir='ltr'>diversa</span> <span class='ocrx_word' id='word_1_262' title='bbox 1098 2696 1284 2744; x_wconf 84' lang='lat' dir='ltr'>duorum,</span> 
     </span>
     <span class='ocr_line' id='line_1_40' title="bbox 303 2753 1510 2811; baseline 0 -16"><span class='ocrx_word' id='word_1_263' title='bbox 303 2764 305 2766; x_wconf 78' lang='grc'><strong><em>·</em></strong></span> <span class='ocrx_word' id='word_1_264' title='bbox 364 2767 487 2808; x_wconf 89' lang='lat' dir='ltr'>quem</span> <span class='ocrx_word' id='word_1_265' title='bbox 509 2754 674 2796; x_wconf 87' lang='lat' dir='ltr'>damnet</span> <span class='ocrx_word' id='word_1_266' title='bbox 697 2754 813 2796; x_wconf 86' lang='lat' dir='ltr'>labor</span> <span class='ocrx_word' id='word_1_267' title='bbox 836 2761 877 2797; x_wconf 92' lang='lat' dir='ltr'>et</span> <span class='ocrx_word' id='word_1_268' title='bbox 899 2770 981 2810; x_wconf 89' lang='lat' dir='ltr'>quo</span> <span class='ocrx_word' id='word_1_269' title='bbox 1004 2761 1148 2811; x_wconf 83' lang='lat' dir='ltr'>vergat</span> <span class='ocrx_word' id='word_1_270' title='bbox 1170 2755 1348 2811; x_wconf 88' lang='lat' dir='ltr'>pondere</span> <span class='ocrx_word' id='word_1_271' title='bbox 1371 2753 1510 2795; x_wconf 86' lang='lat' dir='ltr'>letum.</span> 
     </span>
    </p>
   </div>
  </div>
 </body>
</html>
