1794 3048
402 288 482 331 150
800 297 842 331 P.
862 295 1094 332 VERGILII
1110 295 1334 334 MARONIS

333 411 375 441 30
400 399 458 440 sic
482 398 604 440 effata
629 399 762 439 sinum
786 397 962 438 lacrimis
986 396 1156 451 inplevit
1179 397 1346 440 obortis.

330 714 372 745 35

330 1021 371 1051 40

328 1327 369 1357 45

329 1633 370 1663 50

328 1941 369 1969 55

327 2246 369 2276 60

328 2554 369 2583 65

453 461 577 500 Anna
599 458 740 499 refert:
769 472 818 508 „o
841 457 932 499 luce
955 458 1088 513 magis
1112 458 1260 500 dilecta
1285 460 1423 509 sorori,

398 520 536 561 solane
558 525 755 574 perpetua
777 533 962 560 maerens
987 533 1152 574 carpere
1174 519 1352 570 iuventa,

396 595 473 622 nec
496 580 626 622 dulcis
650 586 787 630 natos,
813 579 987 622 Veneris
1011 594 1086 621 nec
1110 580 1291 635 praemia
1313 581 1450 622 noris?

396 641 438 682 id
462 641 639 682 cinerem
663 647 733 683 aut
755 656 896 683 manes
921 641 1052 682 credis
1077 655 1216 683 curare
1244 642 1450 697 sepultos?

397 708 502 744 esto:
527 717 693 758 aegram
716 703 817 744 nulli
840 702 1045 757 quondam
1068 702 1217 744 flexere
1241 703 1386 753 mariti,

395 778 478 805 non
499 763 680 819 Libyae,
705 779 787 806 non
811 770 904 805 ante
929 763 1060 818 Tyr03
1085 764 1301 819 despectus
1325 764 1469 805 Iarbas

395 825 665 880 ductoresque
689 826 774 875 alii,
800 839 902 879 quos
926 824 1071 866 Africa
1094 831 1199 866 terra
1223 826 1437 880 triumphis

395 886 510 927 dives
535 886 623 927 alit:
648 886 850 941 placitone
874 886 996 928 etiam
1019 886 1223 942 pugnabis
1247 887 1399 928 amori?

395 961 471 988 nec
494 948 605 989 venit
628 948 671 988 in
694 953 888 997 mentem,
914 961 1087 1001 quorum
1111 948 1342 989 consederis
1368 948 1502 989 arvis?

395 1008 491 1050 hinc
516 1007 716 1051 Gaetulae
740 1008 881 1058 urbes,
907 1023 1037 1064 genus
1061 1008 1335 1063 insuperabile
1359 1008 1479 1059 bello,

394 1075 435 1111 et
457 1069 659 1111 Numidae
682 1069 829 1111 infreni
853 1069 1023 1125 cingunt
1047 1075 1087 1110 et
1109 1070 1314 1124 inhospita
1339 1068 1491 1124 Syrtis3

393 1130 489 1172 hinc
513 1131 673 1172 deserta
697 1131 763 1172 siti
784 1130 916 1186 regio,
941 1131 1102 1184 lateque
1125 1130 1306 1171 furentes

394 1192 578 1233 Barcaei.
604 1192 702 1246 quid
724 1191 831 1233 bella
855 1191 966 1246 Tyro
991 1191 1200 1247 surgentia
1224 1192 1359 1232 dicam

394 1253 658 1310 germanique
682 1252 839 1294 minas?

394 1314 457 1356 dis
482 1314 671 1368 equidem
695 1313 928 1369 auspicibus
952 1328 1044 1355 reor
1067 1319 1106 1354 et
1129 1313 1287 1355 Iunone
1312 1314 1491 1354 secunda

393 1375 503 1416 hunc
527 1389 692 1416 cursum
714 1375 863 1416 Iliacas
887 1380 1010 1416 vento
1035 1375 1216 1416 tenuisse
1240 1374 1411 1416 carinas.

394 1451 518 1490 quam
540 1442 586 1477 tu
607 1436 769 1486 urbem,
796 1450 926 1486 soror,
950 1435 1056 1477 hanc
1081 1450 1240 1486 cernes,
1266 1450 1370 1490 quae
1395 1450 1561 1492 surgere
1585 1451 1713 1492 regna

394 1497 583 1553 coniugio
607 1496 695 1538 tali!
721 1496 927 1538 Teucrum
951 1496 1237 1539 comitantibus
1261 1497 1385 1538 armis

393 1558 553 1600 Punica
577 1573 621 1600 se
645 1558 807 1613 quantis
832 1557 988 1600 attollet
1011 1558 1142 1614 gloria
1164 1557 1305 1599 rebus!

395 1626 440 1660 tu
462 1620 584 1662 modo
606 1634 732 1675 posce
756 1620 855 1662 deos
879 1619 1058 1670 veniam,
1086 1619 1292 1673 sacrisque
1315 1618 1439 1660 litatis

393 1681 560 1738 indulge
582 1682 779 1737 hospitio,
805 1695 1054 1735 caussasque
1077 1681 1237 1722 innecte
1260 1681 1456 1730 morandi,

393 1744 493 1784 dum
514 1743 662 1800 pelago
686 1743 869 1785 desaevit
890 1743 1021 1784 hiems
1046 1748 1086 1784 et
1109 1757 1288 1797 aquosus
1315 1740 1460 1792 Orion,

394 1810 693 1858 quassataeque
716 1810 844 1854 rates,
869 1804 968 1845 dum
990 1818 1073 1845 non
1096 1803 1306 1845 tractabile
1330 1802 1528 1845 caelum.“

448 1865 531 1907 His
555 1866 674 1907 dictis
698 1865 911 1906 incensum
935 1865 1116 1906 animum
1138 1864 1406 1906 inflammavit
1429 1878 1577 1913 amore,

395 1941 591 1980 spemque
615 1926 728 1967 dedit
751 1925 899 1967 dubiae
923 1926 1068 1975 menti,
1094 1925 1294 1979 solvitque
1317 1925 1527 1979 pudorem.

391 1988 591 2043 principio
616 1987 787 2030 delubra
810 1987 978 2036 adeunt,
1002 2000 1227 2042 pacemque
1250 2000 1324 2041 per
1347 2001 1437 2027 aras

394 2049 630 2102 exquirunt3
654 2053 835 2090 mactant
856 2047 983 2089 lectas
1008 2047 1058 2088 de
1082 2061 1194 2089 more
1217 2046 1392 2088 bidentis

392 2109 587 2164 legiferae
613 2108 753 2151 Cereri
775 2108 1026 2162 Phoeboque
1050 2108 1235 2163 patrique
1258 2108 1416 2163 Lyaeo,

393 2170 545 2212 Iunoni
567 2175 660 2212 ante
685 2169 836 2220 omnis,
862 2169 928 2211 cui
951 2169 1085 2210 vincla
1107 2169 1259 2224 iugalia
1283 2183 1415 2210 curae.

391 2233 483 2287 ipsa
505 2238 647 2274 tenens
672 2232 815 2274 dextra
836 2236 1020 2286 pateram
1043 2230 1315 2285 pulcherrima
1337 2230 1452 2271 Dido

393 2293 602 2335 candentis
626 2307 776 2335 vaccae
798 2292 934 2334 media
956 2292 1060 2333 inter
1083 2307 1234 2333 cornua
1257 2291 1402 2339 fundit,

393 2360 464 2396 aut
487 2361 579 2396 ante
604 2370 674 2396 ora
698 2354 820 2395 deum
842 2353 1006 2408 pinguis
1032 2353 1229 2408 spatiatur
1252 2353 1305 2393 ad
1328 2367 1432 2402 aras,

393 2417 672 2470 instauratque
696 2416 806 2457 diem
829 2415 964 2464 donis,
989 2415 1274 2469 pecudumque
1297 2413 1466 2455 reclusis

392 2477 624 2534 pectoribus
648 2477 810 2518 inhians
836 2475 1031 2531 spirantia
1054 2475 1227 2517 consulit
1252 2480 1357 2516 exta.

392 2540 474 2580 heu
496 2545 637 2580 vatum
660 2538 827 2594 ignarae
850 2535 1026 2578 mentes!
1051 2537 1150 2590 quid
1172 2542 1267 2577 vota
1288 2535 1502 2584 furentem,

393 2600 491 2653 quid
514 2600 684 2641 delubra
706 2598 872 2640 iuvant?
895 2604 958 2639 est
980 2598 1113 2639 mollis
1138 2598 1302 2639 flamma
1323 2595 1524 2636 medullas

393 2662 546 2703 interea
570 2668 610 2703 et
632 2660 801 2702 tacitum
824 2660 925 2701 vivit
949 2659 1025 2701 sub
1048 2665 1212 2714 pectore
1236 2657 1394 2698 volnus.

393 2723 522 2763 uritur
544 2723 687 2763 infelix
709 2722 822 2763 Dido
846 2727 1011 2775 totaque
1035 2727 1208 2775 vagatur
