1794 3042
293 582 355 612 150

293 887 353 917 155

293 1191 353 1222 160

292 1801 355 1831 170

293 2105 355 2136 175

384 278 464 320 194
784 287 826 321 Ρ.
846 285 1076 321 VERGILII
1094 284 1318 322 MARONIS

380 388 416 428 si
440 394 478 429 te
504 387 589 428 fata
612 392 778 436 vocant3
804 385 919 427 aliter
942 401 1022 427 non
1047 385 1202 427 viribus
1225 386 1319 427 ullis

379 449 559 497 vincere,
585 462 660 488 nec
685 447 787 488 duro
810 447 962 501 poteris
987 447 1213 488 convellere
1237 447 1356 488 ferro.

379 516 587 562 praeterea
610 508 716 548 iacet
739 507 973 548 exanimum
997 507 1071 549 tibi
1095 522 1241 562 corpus
1266 508 1386 549 amici
1410 533 1461 538 ——

380 570 458 610 heu
482 568 616 609 nescis
641 593 695 598 -—
719 574 928 622 totamque
951 568 1126 610 incestat
1148 569 1290 610 funere
1315 568 1499 618 classem,

377 630 475 670 dum
500 629 686 670 consulta
708 629 812 684 petis
836 635 1056 683 nostroque
1079 629 1122 670 in
1144 629 1283 671 limine
1306 630 1473 684 pendes.

378 690 544 731 sedibus
568 690 677 731 hunc
699 690 807 731 refer
830 696 923 731 ante
949 691 1033 732 suis
1058 696 1098 731 et
1121 691 1250 732 conde
1275 691 1500 746 sepulchro.

377 751 457 792 duc
480 751 618 806 nigras
642 752 840 805 peeudes3
865 766 914 792 ea
936 751 1068 806 prima
1089 751 1251 806 piacula
1275 758 1406 793 sunto.

378 812 437 853 sic
461 812 628 853 demum
651 812 765 854 lucos
793 811 937 868 Stygis
961 818 1002 853 et
1023 826 1152 868 regna
1174 812 1284 854 invia
1307 812 1412 853 vivis

378 873 591 928 aspicies.“
618 873 738 923 dixit,
762 888 987 928 pressoque
1011 873 1213 915 obmutuit
1237 888 1318 915 ore.

433 934 602 976 Aeneas
626 941 783 976 maesto
807 935 965 976 defixus
989 935 1144 976 lumina
1167 935 1280 977 voltu

377 995 620 1052 ingreditur,
645 996 834 1050 linquens
859 1002 1038 1045 antrum,
1064 1010 1290 1050 caecosque
1315 996 1469 1038 volutat

377 1063 546 1098 eventus
571 1057 707 1098 animo
732 1071 883 1099 secum.
909 1057 976 1098 cui
998 1057 1105 1098 fidus
1128 1056 1312 1099 Achates

376 1118 407 1159 it
431 1132 567 1159 comes
592 1124 633 1159 et
655 1118 822 1172 paribus
848 1117 955 1159 curis
979 1118 1154 1174 vestigia
1177 1118 1277 1173 figit.

377 1178 505 1220 multa
527 1179 632 1220 inter
656 1193 746 1220 sese
770 1178 883 1220 vario
908 1193 1094 1220 sermone
1118 1179 1318 1229 serebant,

376 1254 500 1293 quem
525 1239 682 1281 socium
706 1240 935 1281 exanimem
959 1246 1093 1289 vates,
1118 1241 1228 1293 quod
1251 1255 1398 1295 corpus
1424 1241 1672 1282 humandum

377 1301 542 1342 diceret.
567 1307 689 1354 atque
713 1301 772 1342 illi
794 1300 1005 1342 Misenum
1028 1301 1071 1341 in
1094 1301 1210 1341 litore
1235 1301 1356 1350 sicco,

377 1368 423 1402 ut
445 1376 612 1412 venere,
637 1362 778 1402 vident
800 1362 968 1416 indigna
991 1367 1121 1403 morte
1145 1367 1412 1416 peremptum,

376 1422 585 1464 Misenum
608 1421 829 1472 Aeoliden,
854 1437 935 1477 quo
958 1437 1041 1463 non
1063 1423 1333 1477 praestantior
1356 1424 1457 1465 alter

378 1498 469 1525 aere
494 1484 598 1524 ciere
623 1483 731 1525 viros
755 1483 1015 1537 Martemque
1039 1484 1260 1526 accendere
1285 1490 1418 1526 cantu.

378 1545 569 1586 Hectoris
594 1544 660 1585 hic
682 1545 822 1600 magni
844 1544 979 1586 fuerat
1002 1559 1158 1595 comes,
1183 1545 1366 1587 Hectora
1388 1546 1539 1587 circum

377 1612 418 1646 et
440 1605 540 1646 lituo
563 1619 724 1660 pugnas
747 1605 921 1661 insignis
944 1605 1084 1647 obibat
1107 1611 1147 1647 et
1169 1605 1300 1647 hasta.

377 1673 594 1722 postquam
618 1666 732 1707 illum
755 1666 840 1708 vita
863 1667 991 1708 victor
1014 1666 1204 1721 spoliavit
1225 1666 1423 1717 Achilles,

377 1727 590 1768 Dardanio
614 1726 783 1768 Aeneae
808 1742 898 1768 sese
923 1727 1169 1769 fortissimus
1193 1727 1313 1770 heros

379 1788 590 1828 addiderat
614 1788 790 1838 socium,
815 1802 898 1838 non
919 1788 1112 1830 inferiora
1135 1795 1312 1830 secutus.

379 1849 452 1889 sed
475 1854 580 1897 tum,
607 1849 710 1889 forte
735 1863 836 1890 cava
859 1849 958 1890 dum
981 1855 1174 1904 personat
1197 1863 1374 1903 aequora
1398 1850 1552 1891 concha

378 1910 546 1950 demens
570 1915 611 1950 et
634 1915 756 1950 cantu
779 1916 900 1951 vocat
922 1910 965 1951 in
988 1910 1210 1951 certamina
1232 1911 1361 1961 divos,

378 1969 562 2011 aemulus
587 1976 804 2024 exceptum
828 1970 990 2020 Triton,
1016 1971 1051 2011 si
1075 1971 1238 2012 credere
1261 1971 1430 2027 dignum
1454 1980 1528 2020 est,

377 2031 482 2071 inter
506 2045 605 2071 saxa
626 2030 759 2071 virum
785 2045 979 2085 spumosa
1001 2031 1241 2072 inmerserat
1262 2032 1384 2072 unda.

379 2106 477 2147 ergo
500 2105 816 2147 omnes‘magno
840 2091 993 2133 circum
1016 2091 1192 2133 clamore
1215 2091 1455 2142 fremebant,

377 2152 594 2207 praecipue
617 2152 710 2207 pius
735 2152 914 2194 Aeneas.
939 2158 1027 2193 tum
1049 2152 1163 2194 iussa
1188 2151 1383 2208 Sibyllae,

378 2214 490 2255 haud
512 2227 643 2262 mora,
669 2213 866 2255 festinant
887 2213 1050 2263 flentes,
1075 2227 1268 2267 aramque
1293 2213 1496 2268 sepulchri

379 2288 598 2330 congerere
622 2273 834 2316 arboribus
859 2274 1053 2328 caeloque
1077 2275 1249 2316 educere
1273 2281 1440 2316 certant.

378 2335 460 2377 itur
481 2336 524 2376 in
547 2335 756 2389 antiquam
781 2335 943 2385 silvam,
969 2335 1130 2377 stabula
1152 2335 1234 2376 alta
1256 2335 1446 2385 ferarum,

294 2409 357 2440 180
379 2396 651 2452 procumbunt
674 2397 833 2452 piceae,
859 2403 976 2439 sonat
998 2397 1079 2438 icta
1103 2396 1312 2439 securibus
1336 2397 1429 2445 ilex,

379 2458 669 2512 fraxineaeque
693 2458 828 2500 trabes
853 2458 993 2500 cuneis
1018 2464 1059 2499 et
1081 2457 1206 2499 fissile
1229 2457 1353 2499 robur

382 2519 594 2568 scinditur,
619 2518 843 2560 advolvunt
864 2519 1042 2574 ingentis
1065 2518 1271 2560 montibus
1295 2532 1428 2560 ornos.

381 2594 456 2621 nec
480 2594 562 2621 non
584 2578 749 2621 Aeneas
775 2594 898 2635 opera
919 2580 1024 2621 inter
1046 2580 1142 2621 talia
1164 2579 1318 2634 primus

381 2640 565 2682 hortatur
587 2641 737 2690 socios,
762 2641 1010 2696 paribusque
1034 2641 1258 2696 accingitur
1281 2640 1415 2681 armis.

296 2712 358 2743 185
382 2707 503 2753 atque
527 2701 627 2743 haec
651 2701 738 2755 ipse
764 2717 837 2743 suo
861 2702 967 2742 tristi
990 2716 1083 2743 cum
1106 2701 1226 2743 corde
1250 2701 1415 2749 volutat,
