1780 3074
580 286 840 326 AENEIDOS
864 286 963 323 LIB.
976 287 1060 324 Vn.
1416 276 1500 321 221

137 395 372 439 deseruisse
395 399 519 437 rates.
545 393 659 435 stetit
682 392 767 435 acri
790 391 875 434 fixa
897 390 1051 433 dolore.

138 466 227 501 tum
249 471 455 513 quassans
480 460 606 511 caput
628 454 733 496 haec
757 453 933 496 effundit
955 459 1122 509 pectore
1146 452 1276 495 dicta:

141 520 250 573 „heu
274 519 446 575 stirpem
468 517 649 560 invisam
673 522 715 559 et
737 516 835 558 fatis
859 515 1063 558 contraria
1085 515 1238 558 nostris

138 583 226 625 fata
247 579 483 638 Phrygum!
509 595 610 622 num
636 578 775 636 Sigeis
800 577 1047 622 occumbere
1071 577 1242 633 eampis,

138 660 239 686 num
263 644 374 699 eapti
395 648 568 699 potuere
592 641 710 697 capi?
733 656 835 683 num
858 640 1028 682 incensa
1052 639 1250 682 cremavit
1531 652 1596 683 ⁶295

140 706 267 748 Troia
289 705 426 747 viros?
449 704 608 746 medias
632 703 743 745 acies
767 702 1011 756 mediosque
1033 717 1109 758 per
1130 702 1250 758 ignes

138 769 332 810 invenere
356 767 480 809 viam.
506 771 567 816 at,
593 766 736 816 credo,
763 779 858 807 mea
880 765 1053 806 numina
1076 764 1244 806 tandem

140 830 254 872 sessa
275 829 430 879 iacent,
455 828 561 870 odiis
586 833 659 869 aut
682 832 921 869 exsaturata
944 826 1085 881 quievi
1108 850 1164 857 —

139 892 241 947 quin
263 891 387 933 etiam
410 890 544 947 patria
567 903 767 932 excussos
791 888 945 931 infesta
966 903 1042 944 per
1064 889 1200 931 undas

141 969 244 996 ausa
268 953 387 1008 sequi
411 958 453 994 et
475 951 666 1008 profugis
691 957 779 993 toto
802 966 870 993 me
894 965 1103 1006 opponere
1126 956 1267 1006 ponto.
1536 962 1600 993 300

140 1015 386 1071 absumptae
409 1015 453 1057 in
477 1015 664 1056 Teucros
689 1014 798 1056 vires
823 1013 1009 1068 caelique
1033 1013 1256 1067 marisque.

139 1077 241 1132 quid
266 1075 411 1132 Syrtes
436 1083 508 1119 aut
533 1075 676 1132 Scylla
699 1076 820 1126 mihi,
845 1075 947 1130 quid
970 1081 1090 1117 vasta
1115 1073 1353 1130 Charybdis

139 1139 319 1196 profuit?
343 1145 484 1195 optato
508 1139 742 1181 conduntur
765 1137 992 1193 Thybridis
1017 1137 1149 1188 alveo,

143 1201 277 1244 securi
300 1201 440 1259 pelagi
463 1207 587 1255 atque
610 1201 706 1243 mei.
731 1200 850 1242 Mars
874 1200 1048 1256 perdere
1072 1206 1242 1256 gentem

143 1264 352 1305 inmanem
375 1263 607 1319 Lapithum
630 1263 778 1314 valuit3
804 1262 1011 1305 concessit
1033 1262 1078 1304 in
1100 1263 1184 1304 iras
1537 1274 1600 1305 305)

143 1326 234 1382 ipse
258 1325 382 1367 deum
406 1325 669 1381 antiquame
644 1325 805 1367 <renitor
829 1324 1048 1381 Calydona
1069 1324 1255 1375 Dianae3

145 1388 258 1442 quod
276 1387 412 1430 scelus
439 1394 511 1429 aut
530 1388 736 1443 Lapithas
756 1393 917 1429 tantum
935 1393 1006 1429 aut
1026 1386 1244 1442 Calydona
1261 1386 1513 1428 merentem?

146 1456 211 1492 ast
235 1464 333 1506 ego,
358 1465 512 1505 magna
535 1449 649 1491 Iovis
675 1449 875 1499 coniunX‚
899 1449 959 1490 nil
981 1449 1168 1503 linquere
1191 1449 1384 1490 inausum

147 1527 253 1567 quae
277 1512 395 1568 potui
418 1512 581 1563 infelix,
609 1526 716 1566 quae
740 1518 894 1553 memet
916 1511 962 1553 in
985 1512 1124 1553 omnia
1147 1511 1265 1561 verti,

147 1574 289 1616 vincor
313 1573 365 1616 ab
390 1572 551 1616 Aenea.
578 1575 691 1629 quod
716 1574 751 1616 si
774 1588 868 1616 mea
890 1573 1063 1615 numina
1085 1588 1170 1615 non
1194 1580 1292 1615 sunt
1539 1587 1604 1617 310

147 1651 300 1692 magna
319 1636 431 1686 satis,
452 1635 639 1678 dubitem
656 1636 770 1678 haud
778 1636 970 1690 equidem
988 1636 1193 1691 inplorare
1206 1636 1319 1690 quod
1336 1650 1515 1691 usquam
1528 1641 1602 1677 est.

147 1698 310 1739 flectere
336 1698 372 1739 si
394 1712 556 1752 nequeo
581 1712 772 1753 superos,
798 1697 1040 1740 Acheronta
1062 1697 1251 1740 movebo.

148 1774 232 1801 non
255 1759 420 1801 dabitur
441 1760 601 1816 regnis,
627 1766 735 1810 esto,
761 1759 979 1815 prohibere
1002 1760 1183 1811 Latinis,

150 1827 273 1875 atque
296 1821 453 1863 inmota
476 1827 616 1863 manet
639 1821 736 1864 fatis
760 1822 941 1864 Lavinia
965 1822 1164 1864 coniunx:

151 1889 193 1924 at
216 1882 376 1924 trahere
400 1889 523 1938 atque
546 1898 684 1926 moras
709 1884 833 1926 tantis
857 1884 954 1926 licet
977 1884 1129 1927 addere
1151 1883 1291 1935 rebus,
1542 1897 1605 1927 315>

151 1950 193 1986 at
215 1944 312 1986 licet
335 1944 555 1987 amborum
577 1945 755 2002 populos
780 1946 1022 1988 exscindere
1046 1961 1206 2003 regum.

150 2006 229 2048 hac
252 2021 381 2063 gener
404 2013 528 2062 atque
553 2023 672 2050 socer
695 2015 842 2050 coeant
865 2009 1056 2051 mercede
1081 2023 1263 2051 suorum.

151 2069 353 2125 sanguine
378 2069 559 2112 Troiano
583 2077 625 2112 et
646 2070 804 2113 Rutulo
829 2070 1045 2122 dotabere,
1070 2071 1202 2128 virgo,

151 2137 193 2173 et
214 2131 391 2173 Bellona
413 2139 553 2174 manet
576 2139 616 2175 te
639 2133 841 2188 pronuba.
867 2148 944 2176 nec
968 2133 1061 2176 face
1086 2140 1248 2175 tantum

153 2192 312 2235 Cisseis
335 2209 569 2250 praegnans
592 2195 701 2251 ignis
726 2195 849 2237 enixa
871 2196 1051 2252 iugales3
1544 2206 1610 2238 3⁴20

152 2255 254 2308 quin
277 2255 389 2296 idem
413 2255 568 2298 Veneri
590 2263 734 2312 partus
759 2272 860 2299 suus
885 2264 926 2299 et
949 2257 1070 2300 Paris
1094 2257 1210 2307 alter,

153 2316 426 2370 funestaeque
449 2316 598 2358 iterum
620 2317 803 2360 recidiva
825 2319 870 2359 in
891 2318 1101 2375 Pergama
1124 2318 1310 2360 taedae.“

211 2376 333 2419 Haec
356 2377 430 2419 ubi
453 2378 564 2419 dieta
587 2378 719 2429 dedit,
744 2385 874 2421 terras
898 2379 1104 2421 horrenda
1125 2379 1291 2435 petivit;

154 2438 377 2481 luctificam
400 2439 567 2481 Allecto
591 2439 772 2481 dirarum
796 2439 849 2482 ab
875 2441 973 2482 sede
998 2441 1168 2482 dearum

155 2501 409 2556 infernisque
434 2501 515 2543 ciet
536 2500 735 2551 tenebris,
762 2502 829 2543 cui
855 2502 986 2544 tristia
1007 2501 1118 2544 bella
1545 2515 1610 2546 325

155 2563 323 2618 iraeque
346 2563 604 2617 insidiaeque
628 2569 669 2604 et
693 2564 864 2606 crimina
887 2564 1012 2606 noxia
1035 2564 1162 2606 cordi.

157 2625 244 2668 odit
266 2631 307 2667 et
329 2625 420 2682 ipse
442 2631 561 2681 pater
582 2625 756 2676 Pluton,
783 2626 907 2668 odere
932 2640 1094 2668 sorores

158 2686 382 2730 Tartareae
405 2694 657 2730 monstrum:
683 2693 742 2730 tot
766 2702 860 2730 sese
882 2688 1006 2730 vertit
1027 2689 1071 2730 in
1095 2702 1179 2738 ora,

159 2754 244 2791 tam
268 2763 417 2792 saevae
441 2749 589 2800 facies,
615 2755 676 2792 tot
698 2749 874 2805 pullulat
897 2756 985 2794 atra
1009 2750 1201 2793 colubris.
