1820 3080
302 534 367 564 640

299 837 363 867 645

299 1140 363 1171 650

297 1443 361 1474 655

296 1747 359 1777 660

293 2051 357 2081 665

292 2355 356 2386 670

292 2660 355 2691 675

395 290 478 332 270
795 298 837 332 Ρ.
855 296 1086 333 VERGILII
1104 296 1329 334 MARONIS

394 410 550 451 „macte
575 413 679 439 nova
703 398 868 447 virtute,
893 412 1012 452 puer3
1038 397 1096 438 sic
1119 398 1201 438 itur
1223 397 1276 439 ad
1299 404 1420 449 astra,

391 461 453 502 dis
477 460 612 515 genite
636 465 676 499 et
698 458 883 513 geniture
908 458 1019 499 deos.
1044 458 1131 499 iure
1155 459 1291 500 omnia
1314 459 1421 501 bella

389 528 510 576 gente
535 519 611 561 sub
635 518 830 560 Assaraci
854 519 939 560 fato
969 526 1139 560 ventura
1162 519 1359 570 resident3

389 595 464 622 nee
487 587 526 622 te
551 580 675 621 Troia
699 580 844 634 capit.“
872 579 993 620 simul
1016 580 1117 621 haee
1141 580 1287 621 effatus
1313 580 1365 622 ab
1390 581 1472 623 alto

388 642 549 683 aethere
574 656 618 683 se
641 642 779 691 mittit,
806 641 995 696 spirantis
1021 642 1200 683 dimovet
1224 657 1356 692 auras,

387 702 694 755 Ascaniumque
719 703 830 756 petit.
856 703 988 743 forma
1010 709 1096 743 tum
1121 703 1289 744 vertitur
1312 704 1393 745 oris

387 763 599 816 antiquum
622 763 664 804 in
687 763 834 804 Buten.
860 763 927 804 hio
949 763 1161 805 Dardanio
1184 764 1394 806 Anchisae

388 824 565 879 armiger
588 832 681 866 ante
706 824 784 865 fuit
805 824 994 879 fidusque
1018 825 1071 866 ad
1093 825 1233 866 limina
1257 832 1414 876 custos3

386 891 474 926 tum
498 886 686 927 comitem
709 885 892 927 Ascanio
916 893 1031 941 pater
1053 886 1220 927 addidit.
1245 886 1330 928 ibat
1352 886 1504 942 Apollo

386 946 522 988 omnia
544 946 744 1001 longaevo
769 946 930 997 similis,
954 962 1179 1001 vocemque
1203 948 1459 1002 coloremque

386 1016 426 1048 et
449 1007 571 1048 crinis
595 1007 709 1049 albos
734 1016 775 1049 et
798 1023 922 1050 saeva
945 1009 1159 1050 sonoribus
1184 1025 1307 1059 arma,

385 1073 507 1121 atque
531 1068 594 1110 his
618 1068 826 1109 ardentem
850 1069 967 1110 dictis
992 1070 1154 1111 adfatur
1175 1070 1330 1112 Iulum:

388 1129 466 1179 „sit
491 1129 607 1179 satis,
632 1129 811 1178 Aenide,
837 1130 927 1171 telis
951 1130 1101 1184 inpune
1125 1130 1360 1172 Numanum

385 1190 605 1244 oppetiisse
629 1190 728 1239 tuis3
753 1190 925 1244 primam
949 1190 1052 1231 hanc
1076 1190 1149 1232 tibi
1173 1206 1348 1246 magnus
1372 1190 1525 1246 Apollo

386 1250 573 1292 coneedit
595 1250 758 1291 laudem
783 1257 822 1291 et
845 1250 1010 1304 paribus
1035 1266 1116 1292 non
1139 1251 1293 1292 invidet
1316 1252 1453 1302 armis3

386 1317 519 1352 cetera
542 1326 680 1365 parce,
705 1325 823 1366 puer,
850 1311 994 1353 bello.“
1022 1312 1080 1352 sie
1104 1326 1221 1353 orsus
1245 1311 1398 1366 Apollo

384 1371 565 1413 mortalis
590 1372 724 1412 medio
749 1378 937 1426 aspectus
963 1386 1149 1413 sermone
1173 1373 1336 1426 reliquit

385 1437 426 1472 et
447 1432 589 1486 procul
612 1432 654 1472 in
678 1439 841 1473 tenuem
865 1446 916 1473 ex
939 1432 1067 1474 oeulis
1091 1434 1256 1474 evanuit
1279 1449 1431 1474 auram.

384 1492 616 1547 adgnovere
641 1493 763 1533 deum
785 1507 973 1548 proceres
998 1493 1217 1547 divinaque
1240 1494 1321 1536 tela

383 1551 665 1603 Dardanidae,
689 1553 1002 1608 pharetramque
1026 1554 1127 1610 fuga
1151 1569 1312 1597 sensere
1337 1562 1561 1597 sonantem.

384 1628 482 1669 crgo
506 1614 671 1655 avidum
693 1629 856 1670 pugnae
879 1615 998 1657 dictis
1022 1630 1070 1657 ac
1094 1616 1260 1657 numine
1281 1615 1442 1658 Phoebi

382 1674 610 1716 Ascanium
633 1676 866 1730 prohibent3
890 1677 971 1731 ipsi
993 1677 1036 1718 in
1059 1678 1279 1718 certamina
1302 1693 1443 1719 rursus

383 1736 624 1786 succedunt,
650 1737 887 1792 animasque
910 1738 954 1779 in
976 1745 1116 1793 aperta
1138 1738 1318 1793 pericula
1341 1739 1517 1780 mittunt.

382 1796 415 1837 it
438 1796 590 1838 clamor
613 1798 707 1839 totis
730 1813 805 1853 per
826 1800 1136 1854 propugnacula
1158 1800 1304 1850 muris3

381 1857 595 1899 intendunt
618 1858 722 1899 acris
747 1873 864 1901 arcus
889 1867 1151 1913 armentaque
1176 1867 1379 1914 torquent.

383 1918 573 1960 sternitur
596 1933 714 1960 omne
739 1919 872 1960 solum
894 1920 1003 1969 telis,
1029 1926 1116 1961 tum
1140 1927 1255 1962 scuta
1279 1935 1484 1974 cavaeque

381 1978 480 2019 dant
503 1980 680 2021 sonitum
704 1981 758 2021 ad
779 1980 933 2021 flietum
956 1981 1116 2036 galeae,
1142 1996 1282 2037 pugna
1305 1996 1449 2036 aspera
1474 1982 1613 2036 surgit,

381 2047 556 2093 quantus
581 2040 633 2081 ab
658 2055 808 2082 occasu
830 2042 998 2082 veniens
1021 2041 1266 2096 pluvialibus
1290 2042 1448 2083 Haedis

380 2099 566 2142 verberat
588 2101 718 2143 imber
741 2102 928 2152 humum,
954 2117 1078 2156 quam
1101 2103 1229 2144 multa
1251 2103 1447 2158 grandine
1472 2102 1600 2144 nimbi

379 2160 423 2201 in
445 2161 551 2202 vada
573 2162 858 2217 praecipitant,
883 2178 978 2204 eum
1001 2163 1187 2218 Iuppiter
1209 2164 1395 2205 horridus
1420 2164 1568 2205 austris

380 2230 540 2275 torquet
564 2237 761 2276 aquosam
784 2223 961 2265 hiemem
984 2231 1025 2266 et
1048 2224 1161 2266 caelo
1185 2239 1286 2266 cava
1309 2225 1449 2266 nubila
1471 2225 1634 2279 rumpit.

434 2282 648 2325 Pandarus
673 2290 713 2325 et
735 2284 886 2335 Bitias,
910 2285 1036 2327 Idaeo
1059 2284 1264 2327 Alcanore
1287 2286 1397 2336 creti,

379 2357 483 2397 quos
508 2344 618 2386 Iovis
644 2345 785 2387 eduxit
806 2346 899 2388 luco
924 2346 1122 2388 silvestris
1145 2346 1264 2388 Iaera

379 2404 580 2447 abietibus
605 2406 774 2448 iuvenes
799 2407 940 2462 patriis
965 2414 1006 2449 et
1028 2407 1234 2449 montibus
1264 2422 1429 2461 aequOS‚

378 2473 555 2519 portam,
581 2481 685 2521 quae
709 2468 824 2510 ducis
849 2468 1020 2523 imperio
1043 2469 1278 2518 commissa,
1302 2468 1526 2516 recludunt,

379 2527 472 2568 freti
496 2529 637 2578 armis,
662 2528 849 2583 ultroque
872 2530 1045 2571 invitant
1067 2529 1280 2571 moenibus
1305 2529 1475 2570 hostem.

378 2587 457 2642 ipsi
481 2588 590 2630 intus
614 2590 757 2631 dextra
779 2605 828 2632 ac
850 2590 967 2632 laeva
989 2605 1063 2645 pro
1086 2590 1264 2632 turribus
1290 2590 1451 2632 adstant

379 2649 522 2690 armati
544 2650 651 2692 ferro
677 2658 716 2692 et
739 2651 871 2693 cristis
896 2652 1030 2706 capita
1052 2651 1133 2693 alta
1156 2651 1326 2700 corusci,

379 2709 520 2762 quales
545 2711 676 2752 aeriae
699 2711 922 2765 Liquentia
944 2712 1111 2758 flumina
1135 2712 1300 2761 circum,
