1794 3048
342 303 396 344 74
741 312 784 346 Ρ.
803 310 1034 347 VERGILII
1051 309 1277 348 MARONIS

342 413 612 465 continuoque
637 412 793 452 animos
818 410 930 466 volgi
954 416 995 452 et
1017 411 1260 465 trepidantia
1282 411 1388 454 bello

276 487 317 517 70
342 473 466 514 corda
488 473 582 513 licet
604 472 726 527 longe
748 471 1023 526 praesciscere
1031 487 1042 522 3
1066 486 1242 526 namque
1266 474 1459 516 morantis

274 790 314 820 75

272 1095 314 1125 SO

271 1400 313 1430 35

272 1706 314 1736 90

273 2012 314 2042 95

256 2319 315 2349 100

257 2625 316 2655 105

341 533 517 574 Martius
542 532 609 573 ille
634 531 739 573 aeris
763 531 876 573 rauci
900 546 1024 573 canor
1045 532 1228 588 increpat
1251 539 1291 575 et
1313 548 1396 575 vox

340 594 502 635 auditur
523 592 674 634 fractos
700 592 856 634 sonitus
879 593 1036 635 imitata
1059 593 1266 645 tubarum3

340 661 426 695 tum
450 653 630 708 trepidae
653 653 759 695 inter
783 668 826 695 se
851 660 1015 704 coeunt,
1039 655 1266 710 pennisque
1290 663 1516 706 coruscant,
1550 656 1559 662 '

340 715 577 770 spiculaque
601 721 806 756 exacuunt
828 715 989 766 rostris,
1014 722 1235 771 aptantque
1258 717 1443 768 lacertos,

338 782 377 817 et
401 776 508 816 circa
529 790 670 831 regem
693 781 815 830 atque
838 776 929 832 ipsa
952 777 1005 818 ad
1026 778 1228 832 praetoria
1251 778 1401 819 densae

338 837 577 887 miscentur,
602 838 845 893 magnisque
870 844 1016 880 vocant
1040 838 1285 880 clamoribus
1310 838 1482 880 hostem.

339 913 437 955 ergo
461 898 533 940 ubi
557 914 628 940 ver
651 906 795 941 nactae
820 900 970 941 sudum
994 914 1242 955 camposque
1264 901 1454 955 patentis,

338 966 554 1015 erumpunt
577 960 724 1015 portis3
750 961 1020 1011 concurritur3
1045 961 1207 1002 aethere
1230 961 1274 1002 in
1297 961 1378 1003 alto

338 1020 382 1061 fit
406 1021 580 1070 sonitus,
606 1036 802 1077 magnum
825 1022 976 1064 mixtae
999 1021 1276 1077 glomerantur
1296 1022 1340 1063 in
1363 1021 1515 1072 orbem,

337 1083 660 1138 praecipitesque
684 1084 853 1133 cadunt3
877 1098 960 1125 non
984 1084 1147 1125 densior
1170 1098 1262 1125 aere
1285 1085 1454 1140 grando,

337 1158 412 1185 nec
436 1145 486 1185 de
510 1158 710 1186 concussa
732 1150 891 1186 tantum
913 1145 1016 1200 pluit
1038 1146 1129 1187 ilice
1152 1146 1325 1201 glandis.

337 1204 417 1259 ipsi
439 1219 512 1259 per
535 1205 690 1247 medias
715 1206 823 1248 acies
848 1206 1078 1262 insignibus
1103 1206 1178 1248 alis

336 1265 512 1321 ingentis
537 1266 693 1307 animos
718 1273 892 1322 angusto
916 1268 959 1308 in
980 1273 1144 1322 pectore
1168 1272 1344 1308 versant.

337 1341 467 1380 usque
491 1327 593 1368 adeo
618 1327 757 1368 obnixi
779 1342 862 1368 non
886 1328 1046 1378 cedere,
1072 1328 1170 1368 dum
1193 1328 1330 1383 gravis
1355 1335 1423 1369 aut
1447 1328 1522 1370 hos

338 1394 407 1428 aut
430 1387 506 1429 hos
530 1402 649 1429 versa
671 1388 774 1443 fuga
796 1389 926 1430 victor
949 1389 1045 1430 dare
1069 1395 1184 1444 terga
1208 1389 1382 1444 subegit.

338 1449 380 1489 hi
403 1454 538 1489 motus
563 1449 791 1490 animorum
815 1455 937 1503 atque
959 1449 1062 1491 haec
1085 1450 1305 1492 certamina
1328 1456 1441 1491 tanta

337 1509 516 1564 pulveris
541 1509 680 1564 exigui
703 1510 812 1551 iactu
836 1525 1071 1566 compressa
1093 1511 1315 1565 quiescent.

394 1570 551 1611 Verum
573 1570 645 1612 ubi
668 1571 857 1614 ductores
881 1572 968 1613 acie
990 1572 1244 1614 revocaveris
1270 1572 1404 1622 ambo,

338 1630 513 1672 deterior
536 1631 607 1684 qui
630 1632 763 1683 visus,
789 1647 901 1683 eum,
926 1647 978 1674 ne
1001 1633 1197 1689 prodigus
1223 1633 1342 1683 obsit,

338 1693 441 1733 dede
465 1693 574 1743 neci3
598 1693 742 1735 melior
764 1709 895 1736 vacua
918 1694 1006 1736 sine
1029 1701 1173 1750 regnet
1195 1695 1237 1735 in
1261 1695 1365 1736 aula.

338 1754 439 1794 alter
463 1754 538 1795 erit
559 1755 730 1796 maculis
755 1771 854 1797 auro
879 1755 1160 1810 squalentibus
1184 1756 1350 1806 ardens3

337 1829 432 1855 nam
457 1815 539 1855 duo
563 1822 658 1857 sunt
681 1831 832 1871 genera
840 1833 851 1867 ;
875 1817 942 1858 hic
967 1817 1127 1867 melior,
1152 1817 1326 1872 insignis
1351 1823 1391 1858 et
1414 1831 1495 1867 ore,

338 1881 378 1916 et
400 1875 530 1916 rutilis
554 1875 687 1917 clarus
712 1878 913 1930 squamis,
938 1878 1005 1919 ille
1028 1878 1215 1919 horridus
1240 1878 1341 1919 alter

338 1936 494 1977 desidia
516 1936 721 1991 latamque
745 1938 909 1980 trahens
932 1938 1131 1994 inglorius
1156 1938 1304 1980 alvum.

338 2004 384 2039 ut
406 1998 526 2039 binae
549 2013 695 2054 regum
718 1999 864 2050 facies,
888 2000 946 2041 ita
969 2014 1138 2054 corpora
1160 1999 1304 2054 plebis.

337 2073 514 2113 namque
539 2059 641 2101 aliae
665 2066 803 2116 turpes
827 2061 1010 2111 horrent,
1036 2075 1112 2102 ceu
1133 2061 1301 2116 pulvere
1326 2061 1377 2103 ab
1402 2061 1484 2102 alto

340 2135 434 2162 cum
457 2118 568 2163 venit
591 2127 633 2163 et
657 2122 765 2165 sicco
790 2129 937 2164 terram
963 2123 1073 2178 spuit
1095 2137 1164 2164 ore
1188 2122 1318 2164 viator

339 2182 494 2232 aridus3
520 2182 679 2225 elucent
702 2184 805 2226 aliae
830 2191 870 2226 et
892 2184 1053 2239 fulgore
1077 2189 1291 2226 coruscant

339 2244 526 2286 ardentes
551 2260 649 2287 auro
674 2251 714 2286 et
736 2245 904 2301 paribus
927 2245 1000 2287 lita
1023 2259 1193 2300 corpora
1215 2245 1355 2301 guttis.

338 2306 440 2347 haec
462 2306 596 2361 potior
619 2306 803 2357 suboles3
827 2307 923 2348 hinc
947 2306 1049 2348 caeli
1072 2312 1252 2361 tempore
1276 2312 1386 2348 certo

339 2367 474 2421 dulcia
498 2367 620 2409 mella
641 2383 821 2423 premes,
846 2383 923 2410 nec
945 2374 1104 2410 tantum
1127 2367 1280 2417 dulcia,
1306 2373 1502 2421 quantum

340 2434 380 2469 et
402 2428 556 2482 liquida
579 2435 620 2470 et
642 2430 791 2471 durum
813 2429 970 2472 Bacchi
992 2429 1195 2471 domitura
1219 2443 1418 2483 saporem.

396 2488 457 2531 At
480 2504 574 2531 cum
597 2490 752 2532 incerta
774 2491 913 2533 volant
937 2490 1130 2545 caeloque
1154 2490 1343 2531 examina
1363 2489 1521 2538 ludunt,

341 2557 684 2605 contemnuntque
709 2552 825 2594 favos
850 2558 899 2594 et·
913 2552 1063 2608 frigida
1086 2557 1193 2593 tecta
1214 2551 1458 2604 relinquunt,

339 2611 541 2654 instabilis
566 2613 723 2655 animos
747 2614 845 2656 ludo
867 2613 1103 2668 prohibebis
1126 2612 1248 2654 inani.

339 2688 415 2715 nec
438 2689 612 2730 magnus
635 2676 849 2729 prohibere
872 2675 1005 2717 labor:
1030 2681 1075 2717 tu
1096 2673 1262 2730 regibus
1285 2673 1372 2714 alas

341 2734 468 2789 eripe:
492 2749 576 2776 non
597 2735 675 2776 illis
700 2736 916 2790 quisquam
941 2735 1222 2777 cunctantibus
1247 2734 1372 2775 altum
