1794 3048
371 298 451 339 170
767 308 808 340 P.
828 305 1058 341 VERGILII
1076 303 1298 342 MARONlS

365 412 502 459 totque
527 420 639 455 sues,
665 405 831 446 totidem
855 405 1051 459 nigrantls
1076 411 1191 460 terga
1213 405 1405 448 iuvencos
1413 424 1424 456 3

365 466 540 518 vinaque
564 465 761 506 fundebat
783 465 953 519 pateris,
979 465 1236 519 animamque
1258 466 1431 508 vocabat

363 525 571 566 Anchisae
594 524 734 580 magni
755 525 966 578 manisque
989 524 1223 567 Acheronte
1245 527 1450 568 remissos.

278 598 340 628 100
363 599 438 626 nec
460 599 543 626 non
566 591 606 625 et
630 585 747 634 socii,
771 599 876 638 quae
900 586 1046 639 cuique
1070 592 1133 627 est
1156 587 1291 641 copia,
1315 587 1410 628 laeti

278 900 337 929 105

276 1202 337 1232 110

276 1505 335 1534 115

276 1808 335 1837 1⁴20

275 2110 333 2139 125»

275 2412 336 2441 130

275 2713 336 2742 135

362 645 469 685 dona
492 645 644 695 ferunt,
670 651 838 686 onerant
861 661 971 695 aras,
997 652 1254 700 mactantque
1277 647 1489 697 iuvencos3

362 701 626 746 ordine'aena
648 705 782 746 locant
805 706 891 755 alii,
916 706 1079 760 fusique
1101 721 1175 761 per
1197 707 1364 749 herbam

363 764 567 806 subiciunt
589 766 753 807 veribus
778 781 929 820 prunas
954 772 994 807 et
1016 767 1175 808 viscera
1197 773 1360 810 torrent.

416 826 671 880 Exspectata
694 827 780 868 dies
805 827 945 867 aderat
967 841 1196 880 nonamque
1221 842 1364 869 serena

361 901 547 927 auroram
570 886 838 927 Phaethontis
864 887 957 939 equi
980 887 1061 927 iam
1084 887 1174 929 luce
1198 888 1411 937 vehebant,

360 947 550 1000 famaque
573 947 766 988 finitimos
791 952 831 987 et
855 946 951 987 clari
974 961 1124 988 nomen
1145 946 1324 989 Acestae

361 1007 538 1048 excierat
545 1023 556 1057 3
582 1008 687 1049 laeto
712 1007 955 1062 conplebant
976 1007 1093 1049 litora
1117 1015 1234 1050 coetu

359 1068 489 1109 visuri
512 1066 751 1117 Aeneadas,
775 1083 869 1122 pars
895 1074 935 1108 et
958 1075 1111 1110 certare
1134 1070 1276 1123 parati.

360 1143 534 1170 munera-
549 1129 747 1183 principio
771 1135 863 1169 ante
887 1129 1026 1170 oculos
1051 1130 1239 1183 circoque
1262 1130 1446 1171 locantur

361 1189 404 1230 in
426 1190 579 1239 medio,
606 1189 711 1231 sacri
734 1189 913 1246 tripondes
937 1190 1167 1243 viridesque
1191 1205 1362 1232 coronae

361 1255 401 1291 et
422 1250 582 1304 palmae
605 1250 780 1304 pretium
803 1249 1043 1299 victoribus,
1069 1265 1261 1304 armaque
1285 1256 1325 1291 et
1348 1256 1457 1292 ostro

359 1310 549 1364 perfusae
572 1316 726 1359 vestes,
752 1310 909 1365 argenti
932 1311 1099 1363 aurique
1124 1311 1338 1360 talentum3

360 1377 399 1412 et
422 1370 520 1412 tuba
544 1370 783 1412 commissos
807 1370 941 1411 medio
965 1371 1073 1411 canit
1096 1385 1245 1425 aggere
1267 1371 1398 1411 ludos.

358 1431 489 1485 prima
510 1445 628 1485 pares
651 1430 792 1471 ineunt
814 1430 1007 1485 gravibus
1032 1431 1252 1472 certamina
1273 1431 1394 1472 remis

360 1497 549 1545 quattuor
572 1505 623 1531 ex
647 1490 758 1532 omni
780 1491 960 1532 delectae
985 1491 1116 1532 classe
1140 1492 1311 1532 carinae.

359 1551 539 1592 velocem
562 1550 806 1593 Mnestheus
830 1551 915 1606 agit
938 1552 1020 1593 acri
1043 1552 1196 1607 remige
1218 1551 1398 1601 Pristim,

360 1627 456 1653 mox
479 1611 608 1654 Italus
632 1611 895 1662 Mnestheus,
920 1626 1051 1667 genus
1076 1627 1100 1653 a
1123 1626 1203 1665 quo
1226 1613 1390 1653 nomine
1412 1612 1596 1661 Memmi,

359 1674 647 1728 ingentemque
673 1671 787 1727 Gyas
812 1673 967 1727 ingenti
989 1673 1096 1714 mole
1122 1672 1393 1722 Chimaeram,

359 1733 469 1774 urbis
495 1747 616 1787 opus,
641 1733 787 1787 triplici
810 1733 940 1787 pubes
964 1747 1087 1786 quam
1109 1733 1306 1774 Dardana
1328 1748 1450 1775 versu

359 1793 574 1848 inpellunt,
598 1799 713 1835 terno
738 1800 989 1849 consurgunt
1012 1794 1152 1835 ordine
1174 1794 1294 1844 remi;

361 1853 678 1908 Sergestusque‚
704 1854 850 1895 domus
874 1860 983 1895 tenet
1006 1870 1031 1895 a
1054 1869 1134 1907 quo
1159 1853 1305 1909 Sergia
1327 1869 1487 1903 nomen,

361 1913 566 1955 Centauro
590 1914 794 1955 invehitur
816 1929 984 1969 magna,
1011 1913 1229 1969 Scyllaque
1255 1914 1481 1956 Cloanthus

359 1974 560 2023 caerulea,
585 1989 715 2029 genus
738 1975 847 2015 unde
870 1974 961 2024 tibi,
985 1975 1170 2016 Romane
1195 1974 1370 2016 Cluenti.

415 2035 494 2076 Est
515 2035 658 2089 procul
680 2035 723 2076 in
745 2035 892 2090 pelago
917 2049 1062 2076 saxum
1086 2035 1314 2089 spumantia
1337 2040 1476 2075 contra

358 2096 493 2145 litora,
518 2095 629 2148 quod.
651 2095 816 2136 tumidis
842 2094 1098 2136 submersum
1122 2095 1302 2136 tunditur
1325 2094 1420 2135 olim

358 2155 567 2205 fiuctibus,
591 2155 750 2197 hiberni
774 2156 952 2197 condunt
974 2155 1046 2197 ubi
1069 2155 1202 2197 sidera
1225 2155 1326 2205 cori3

359 2216 575 2270 tranquillo
600 2216 690 2258 silet
713 2216 946 2269 inmotaque
970 2216 1163 2257 attollitur
1185 2216 1295 2256 unda

360 2291 528 2331 campus
553 2282 594 2318 et
617 2277 763 2331 apricis
789 2277 907 2318 statio
931 2277 1162 2332 gratissima
1184 2276 1347 2331 mergis.

358 2337 424 2378 hic
447 2337 617 2378 viridem
640 2336 806 2379 Aeneas
830 2336 1034 2379 frondenti
1057 2351 1108 2378 ex
1130 2337 1220 2378 ilice
1244 2343 1394 2379 metam

361 2398 569 2439 constituit
593 2397 756 2453 signum
778 2398 913 2440 nautis
936 2404 1069 2453 pater,
1094 2398 1201 2439 unde
1224 2397 1370 2438 reverti

360 2459 508 2500 scirent
532 2464 572 2500 et
593 2458 738 2514 longos
763 2458 833 2500 ubi
857 2459 1169 2500 circumflectere
1193 2473 1347 2500 cursus.

360 2526 447 2560 tum
469 2519 560 2560 loca
583 2525 690 2560 sorte
713 2520 871 2574 legunt,
896 2520 1054 2574 ipsique
1077 2520 1120 2560 in
1141 2518 1347 2574 puppibus
1372 2531 1467 2558 auro

360 2580 546 2621 ductores
570 2579 692 2635 longe
716 2580 912 2635 effulgent
936 2586 1124 2634 ostroque
1149 2580 1283 2621 decori
1290 2595 1302 2629 3

361 2645 493 2680 cetera
514 2640 690 2694 populea
712 2641 869 2682 velatur
892 2640 1035 2682 fronde
1057 2641 1246 2681 iuventus

360 2701 613 2754 nudatosque
637 2701 826 2743 humeros
851 2702 939 2743 oleo
962 2702 1128 2756 perfusa
1151 2699 1320 2741 nitescit.
