1800 3106
539 313 798 354 AENEIDOS
823 313 920 350 LIB.
935 313 1039 351 vm.

107 422 259 466 inferre
283 427 324 463 et
347 420 444 463 fatis
468 433 611 475 regem
636 433 681 460 se
705 418 841 460 dicere
865 417 983 473 posci

109 485 297 534 edoceat,
322 482 556 535 multasque
579 480 668 522 viro
693 494 738 522 se
762 480 988 536 adiungere
1011 476 1147 534 gentis

106 545 322 588 Dardanio
348 551 388 586 et
410 544 492 585 late
517 542 642 584 Latio
665 541 970 584 increbrescere
992 553 1156 581 nomen.

107 607 209 661 quid
232 612 363 649 struat
386 606 449 647 his
475 604 650 660 coeptis,
675 618 818 658 quem,
845 603 880 645 si
903 603 1071 644 fortuna
1095 604 1303 654 sequatur,

110 675 303 712 eventum
325 681 491 724 pugnae
515 666 672 721 cupiat,
697 663 958 707 manifestius
982 663 1064 719 ipsi

109 745 235 786 quam
259 729 402 771 Turno
425 728 513 784 regi
537 733 608 769 aut
630 727 720 783 regi
743 727 940 782 adparere
964 725 1132 766 Latino.

166 791 288 834 Talia
309 805 384 846 per
406 789 591 831 Latium.
615 802 722 843 quae
745 787 1076 829 Laomedontius
1099 785 1223 827 heros

111 860 259 896 cuncta
281 853 426 893 videns
450 865 603 906 magno
627 864 819 891 curarum
841 849 1015 890 fluctuat
1038 853 1158 890 aestu

111 922 234 969 atque
258 913 442 955 animum
465 925 576 953 nunc
599 911 682 952 huc
706 910 900 960 celerem,
926 923 1038 951 nunc
1062 908 1208 950 dividit
1231 907 1342 956 illuc,

110 977 154 1018 in
175 975 385 1031 partisque
409 973 516 1029 rapit
539 973 674 1014 varias
698 986 854 1028 perque
878 972 1018 1014 omnia
1041 976 1192 1020 versat,

112 1038 219 1080 sicut
242 1051 374 1091 aquae
398 1035 620 1077 tremulum
642 1034 769 1076 labris
793 1034 866 1076 ubi
888 1034 1030 1075 lumen
1052 1033 1168 1074 aenis

113 1099 198 1142 sole
220 1107 511 1154 repercussum
535 1102 608 1138 aut
629 1097 828 1138 radiantis
852 1095 1034 1151 imagine
1058 1094 1183 1136 lunae

110 1161 248 1204 omnia
269 1159 487 1216 pervolitat
509 1158 592 1201 late
614 1158 726 1208 loca,
749 1158 916 1212 iamque
941 1156 1020 1199 sub
1044 1171 1166 1198 auras

110 1222 280 1279 erigitur
305 1221 538 1275 summique
561 1220 657 1262 ferit
679 1219 890 1274 laquearia
912 1219 1022 1261 tecti.

110 1299 194 1326 nox
218 1289 306 1325 erat
329 1289 370 1325 et
392 1289 522 1324 terras
546 1281 740 1324 animalia
762 1281 877 1323 fessa
898 1295 975 1336 per
998 1280 1133 1322 omnis

112 1346 286 1387 alituum
307 1345 595 1400 pecudumque
619 1358 752 1399 genus
777 1358 902 1398 sopor
924 1342 1032 1384 altus
1057 1341 1250 1392 habebat,

112 1422 207 1449 cum
229 1413 348 1463 pater
369 1406 413 1447 in
435 1406 525 1461 ripa
548 1405 758 1461 gelidique
783 1404 861 1447 sub
886 1404 1063 1446 aetheris
1089 1419 1166 1445 axe

113 1468 298 1517 Aeneas,
323 1467 430 1509 tristi
454 1467 642 1509 turbatus
666 1473 834 1522 pectora
856 1465 980 1516 bello,

110 1529 331 1586 procubuit
356 1543 573 1582 seramque
598 1528 711 1569 dedit
734 1542 808 1583 per
831 1526 1018 1568 membra
1042 1526 1235 1580 quietem.

111 1591 208 1632 huic
232 1591 333 1633 deus
358 1591 448 1646 ipse
471 1590 553 1632 loci
576 1589 701 1631 fluvio
727 1589 949 1631 Tiberinus
974 1603 1148 1630 amoeno

110 1652 310 1709 populeas
335 1651 441 1693 inter
465 1652 602 1693 senior
626 1666 670 1693 se
695 1651 879 1693 attollere
903 1650 1073 1692 frondes

111 1715 246 1765 visua-33
272 1729 368 1755 eum
392 1714 527 1756 tenuis
552 1714 702 1770 glauco
726 1713 891 1755 velabat
915 1713 1068 1755 amictu

112 1776 309 1819 carbasus
334 1782 374 1817 et
399 1776 522 1817 crinis
548 1776 744 1818 umbrosa
768 1775 935 1832 tegebat
958 1774 1137 1825 arund03

112 1845 200 1880 tum
223 1838 284 1880 sic
307 1837 441 1879 adfari
466 1843 507 1879 et
530 1852 650 1879 curas
674 1838 741 1879 his
766 1838 932 1879 demere
956 1837 1097 1878 dictis:

170 1897 239 1951 „O
266 1905 354 1941 sate
377 1905 501 1955 gente
525 1899 668 1949 deum,
694 1899 919 1941 Troianam
943 1913 996 1940 ex
1018 1897 1209 1940 hostibus
1234 1897 1381 1939 urbem

112 1961 183 2015 qui
206 1961 368 2002 revehis
392 1959 512 2002 nobis
537 1966 785 2015 aeternaque
809 1960 1017 2016 Pergama
1041 1974 1197 2009 servas,

113 2027 349 2077 exspectate
374 2021 461 2064 solo
484 2022 689 2064 Laurenti
713 2022 905 2076 arvisque
928 2021 1108 2071 Latinis,

113 2083 180 2125 hic
203 2083 279 2125 tibi
302 2089 414 2125 certa
436 2083 606 2134 domus,
631 2084 751 2135 certi,
776 2098 830 2126 ne
854 2083 1028 2133 absiste,
1052 2082 1256 2132 Penates3

113 2159 195 2186 neu
217 2144 317 2186 belli
338 2151 488 2187 terrere
512 2146 656 2197 minis;
680 2152 817 2188 tumor
840 2145 974 2188 omnis
999 2151 1041 2187 et
1062 2145 1149 2186 irae

114 2220 356 2248 concessere
381 2207 519 2248 deum.

114 2266 281 2320 iamque
303 2266 396 2316 tibi,
420 2282 474 2308 ne
496 2282 605 2308 vana
626 2273 747 2322 putes
771 2267 875 2308 haec
898 2267 1054 2322 fingere
1079 2281 1284 2315 somnum,

114 2327 269 2368 litoreis
293 2327 442 2382 ingens
464 2327 633 2369 inventa
657 2327 734 2369 sub
757 2327 922 2369 ilicibus
948 2342 1034 2377 sus,

116 2387 285 2444 triginta
307 2388 490 2442 capitum
514 2388 624 2429 fetus
649 2388 788 2438 enixa,
813 2387 975 2437 iacebit,

117 2449 230 2500 alba,
256 2448 345 2491 solo
367 2448 591 2499 recubans,
616 2449 700 2491 albi
724 2449 879 2490 circum
902 2448 1032 2490 ubera
1054 2449 1154 2489 nati.

118 2509 206 2567 [hio
227 2510 344 2552 locus
369 2509 482 2552 urbis
507 2510 600 2560 erit,
625 2510 790 2564 requies
815 2524 865 2551 ea
887 2515 1000 2551 certa
1022 2506 1249 2563 laborum‚]

117 2586 170 2614 ex
193 2586 276 2626 quo
301 2578 364 2613 ter
386 2572 504 2614 denis
529 2571 675 2612 urbem
697 2569 967 2612 redeuntibus
991 2570 1110 2611 annis

116 2633 326 2676 Ascanius
351 2633 451 2675 clari
474 2633 623 2675 condet
646 2632 905 2688 cognominis
928 2630 1098 2673 Albam.

116 2694 229 2736 haud
251 2695 407 2736 incerta
430 2709 546 2736 cano.
571 2708 681 2735 nuno
704 2708 788 2748 qua
809 2693 967 2735 ratione
991 2692 1103 2746 quod
1125 2692 1252 2733 instat

119 2755 313 2811 expedias
338 2756 485 2806 victor,
510 2755 674 2811 paucis,
700 2755 886 2804 adverte,
912 2753 1082 2796 docebo.

1384 299 1470 342 235

1500 610 1541 639 15

1501 919 1545 949 20

1503 1229 1544 1258 25

1504 1537 1547 1566 30

1506 1847 1548 1877 35

1505 2154 1549 2183 40

1504 2754 1548 2795 50
