1794 3048
270 658 332 688 190

269 961 331 993 195

269 1265 334 1296 200

268 1570 332 1600 205

267 1874 332 1904 210

267 2177 332 2208 215

268 2483 333 2513 ‘220

357 293 412 335 48
758 302 800 336 Ρ.
818 300 1048 337 VERGILII
1065 299 1289 338 MARONIS

356 403 518 457 qualem
544 416 664 457 saepe
688 416 789 442 cava
812 402 959 442 montis
985 402 1168 443 convalle
1193 402 1370 444 solemus

356 463 555 517 dispicere
563 479 574 512 ;
599 462 679 502 huc
703 461 874 502 summis
897 461 1107 514 liquuntur
1128 462 1298 517 rupibus
1322 477 1474 512 amnes,

355 525 597 576 felicemque
621 522 786 562 trahunt
807 522 950 563 limum
973 547 1028 552 —
1052 523 1202 576 quique
1227 523 1359 565 editus
1384 530 1534 574 austro,

357 592 396 626 et
419 585 567 625 filicem
590 582 723 624 curvis
747 582 922 624 invisam
944 584 1075 638 pascit
1099 584 1259 625 aratris:

356 646 422 686 hic
446 645 520 686 tibi
541 643 796 698 praevalidas
820 644 917 685 olim
940 644 1148 698 multoque
1172 645 1343 687 fluentes

357 705 532 746 sufficiet
555 704 720 746 Baccho
744 704 856 754 vitis,
881 704 948 746 hic
970 705 1113 746 fertilis
1139 721 1254 755 uvae,

354 766 421 807 hic
444 766 593 815 laticis,
618 765 780 819 qualem
802 766 952 820 pateris
976 766 1150 808 libamus
1175 773 1214 808 et
1237 782 1348 818 auro,

354 827 511 868 inflavit
534 842 628 868 cum
651 826 816 882 pinguis
841 826 942 868 ebur
966 827 1202 882 Tyrrhenus
1227 828 1280 869 ad
1303 843 1393 870 aras

354 887 538 929 lancibus
563 894 604 928 et
626 888 772 942 pandis
796 888 995 929 fumantia
1017 888 1223 930 reddimus
1248 895 1353 930 exta.

357 949 419 990 sin
443 955 625 989 armenta
649 949 781 1004 magis
807 949 986 990 studium
1008 949 1238 1003 vitulosque
1263 950 1367 990 tueri

356 1016 427 1051 aut
450 1009 558 1051 fetus
583 1009 722 1050 ovium
746 1015 816 1050 aut
838 1015 1001 1051 urentes
1027 1010 1135 1051 culta
1158 1010 1348 1065 capellas,

356 1070 484 1112 saltus
509 1076 549 1111 et
573 1070 699 1111 saturi
721 1070 845 1125 petito
868 1070 1091 1125 longinqua
1115 1071 1293 1121 Tarenti,

356 1137 397 1172 et
419 1131 582 1185 qualem
605 1130 747 1171 infelix
771 1131 906 1172 amisit
928 1131 1102 1173 Mantua
1126 1147 1326 1187 campum,

357 1198 592 1247 pascentem
615 1192 756 1233 niveos
781 1191 955 1233 herboso
979 1192 1144 1234 flumine
1168 1207 1332 1247 cycnos.

358 1267 441 1294 non
463 1253 606 1306 liquidi
629 1252 824 1308 gregibus
848 1252 1001 1303 fontes,
1026 1268 1108 1294 non
1131 1254 1317 1308 gramina
1340 1254 1521 1304 deerunt,

357 1320 398 1355 et
420 1320 618 1367 quantum
640 1314 773 1369 longis
798 1319 965 1368 carpent
988 1320 1169 1355 armenta
1192 1314 1349 1364 diebus,

357 1375 507 1430 exigua
529 1380 686 1416 tantum
709 1374 870 1430 gelidus
893 1389 961 1416 ros
984 1380 1104 1415 noete
1125 1381 1306 1429 reponet.

357 1436 475 1491 nigra
497 1435 583 1476 fere
608 1441 648 1476 et
669 1449 812 1490 presso
835 1435 1000 1490 pinguis
1025 1435 1101 1476 sub
1125 1450 1288 1477 vomere
1313 1442 1418 1479 terra

356 1503 397 1538 et
420 1496 486 1537 cui
508 1501 626 1550 putre
651 1495 802 1546 solum,
827 1520 882 1526 -—
904 1510 1081 1550 namque
1103 1496 1181 1538 hoc
1204 1496 1410 1538 imitamur
1432 1498 1583 1540 arando
1607 1523 1658 1530 —-

358 1557 511 1611 optima
533 1556 768 1606 frumentis3
792 1571 875 1597 non
897 1556 980 1597 ullo
1004 1571 1056 1598 ex
1079 1571 1254 1610 aequore
1277 1571 1417 1599 cernes

356 1618 474 1672 plura
497 1617 664 1658 domum
687 1617 812 1658 tardis
837 1617 1032 1659 decedere
1055 1617 1238 1672 plaustra
1259 1618 1455 1669 iuvencis,

357 1684 427 1719 aut
450 1678 558 1719 unde
582 1678 708 1720 iratus
733 1678 879 1719 silvam
902 1678 1066 1719 devexit
1089 1684 1224 1720 arator

356 1745 397 1780 et
419 1753 587 1780 nemora
610 1738 754 1779 evertit
778 1739 928 1780 multos
951 1739 1102 1795 ignava
1123 1754 1197 1794 per
1220 1754 1361 1790 annos,

355 1800 624 1853 antiquasque
647 1800 790 1841 domos
816 1801 952 1841 avium
976 1815 1069 1842 cum
1093 1801 1285 1856 stirpibus
1309 1802 1401 1843 imis

356 1861 479 1910 eruit3
503 1861 596 1902 illae
620 1861 747 1902 altum
770 1861 876 1902 nidis
899 1862 1052 1916 petiere
1074 1862 1243 1913 relictis3

356 1927 398 1962 at
419 1921 531 1963 rudis
557 1922 700 1962 enituit
722 1922 885 1976 inpulso
908 1928 1072 1964 vomere
1096 1937 1277 1977 campus.

354 1998 451 2023 nam
474 1982 610 2024 ieiuna
633 1982 798 2036 quidem
822 1983 963 2024 clivosi
986 1983 1125 2038 glarea
1147 1984 1251 2025 ruris

355 2043 426 2084 vix
449 2043 613 2085 humilis
637 2043 783 2097 apibus
807 2043 938 2085 casias
962 2058 1175 2098 roremque
1198 2044 1416 2094 ministrat3

357 2110 396 2145 et
419 2104 568 2159 tophus
595 2104 738 2145 scaber
760 2110 800 2145 et
822 2104 950 2159 nigris
975 2118 1098 2146 exesa
1121 2105 1323 2160 chelydris

357 2171 468 2206 creta
490 2171 643 2220 negant
666 2165 767 2206 alios
791 2179 920 2218 aeque
945 2165 1200 2220 serpentibus
1225 2180 1345 2221 agros

355 2226 516 2267 dulcem
541 2228 646 2268 ferre
670 2226 807 2267 cibum
830 2233 870 2267 et
893 2241 1038 2268 curvas
1061 2227 1256 2282 praebere
1278 2226 1466 2268 latebras.

355 2301 461 2341 quae
485 2294 649 2328 tenuem
673 2287 834 2329 exhalat
858 2287 1050 2329 nebulam
1072 2287 1291 2342 fumosque
1314 2288 1500 2329 volucres

357 2355 397 2390 et
419 2348 522 2390 bibit
543 2348 757 2390 humorem
781 2354 839 2399 et,
864 2363 958 2390 cum
981 2349 1084 2399 volt,
1110 2363 1162 2390 ex
1186 2363 1230 2391 se
1252 2349 1343 2404 ipsa
1365 2349 1544 2398 remittit,

357 2423 542 2463 quaeque
568 2424 642 2451 suo
667 2424 828 2464 semper
850 2409 968 2450 viridi
992 2424 1036 2451 se
1060 2410 1243 2465 gramine
1265 2410 1399 2459 vestit,

356 2484 433 2511 nec
457 2469 594 2512 scabie
618 2476 688 2511 aut
712 2470 819 2511 salsa
841 2470 966 2511 laedit
987 2470 1173 2526 robigine
1196 2470 1361 2519 ferrum,

356 2531 426 2571 illa
450 2531 524 2572 tibi
546 2531 663 2572 laetis
686 2531 841 2572 intexet
863 2530 1014 2573 vitibus
1037 2531 1184 2581 ulmos,

356 2591 425 2631 illa
448 2591 562 2632 ferax
587 2592 676 2633 oleo
700 2598 779 2642 est,
803 2592 915 2632 illam
940 2592 1146 2647 experiere
1170 2591 1338 2632 colendo

357 2657 398 2691 et
420 2651 582 2692 facilem
604 2653 742 2706 pecori
765 2659 806 2694 et
827 2652 1049 2707 patientem
1071 2652 1245 2694 vomeris
1268 2651 1375 2692 unci.

358 2711 480 2753 talem
504 2713 618 2770 dives
642 2720 729 2754 arat
753 2712 898 2767 Capua
921 2719 961 2754 et
983 2713 1117 2754 vicina
1139 2712 1327 2755 Vesaevo
