1800 3106
574 266 833 306 AENEmOS
857 266 954 303 LIB.
967 267 1093 304 vnn.
1428 254 1510 298 271

151 379 238 419 sive
262 376 369 419 Padi
392 375 513 431 ripis,
538 372 734 415 Athesim
758 386 834 414 seu
855 377 1025 427 propter
1047 384 1280 420 amoenum,

150 443 407 495 consurgunt
429 436 621 494 geminae
644 449 822 490 quercus
846 434 1093 488 intonsaque
1117 431 1232 475 caelo

150 500 341 543 attollunt
364 500 500 556 capita
524 505 566 540 et
590 497 758 540 sublimi
780 497 933 539 vertice
957 501 1118 538 nutant.

149 563 410 619 inrumpunt,
436 561 573 604 aditus
597 560 743 603 Rutuli
767 566 814 601 ut
837 559 977 601 videre
1000 557 1193 614 patentis.
1542 569 1607 601 680

150 625 345 667 continuo
371 623 587 678 Quercens
611 629 652 665 et
674 622 847 679 pulcher
869 620 1105 676 Aquiculus
1130 620 1257 662 armis

150 694 192 730 et
214 702 414 743 praeceps
438 687 566 729 animi
587 685 736 728 Marus
762 691 803 727 et
825 684 1060 726 Mavortius
1084 682 1280 725 Haemon

151 749 388 807 agminibus
412 749 508 791 totis
534 754 606 790 aut
629 747 741 790 versi
764 753 882 803 terga
904 746 1068 796 dedere,

151 820 222 855 aut
245 812 338 869 ipso
360 818 504 868 portae
527 825 705 867 posuere
728 810 772 851 in
794 810 936 851 limine
960 809 1102 850 vitam.

152 885 237 916 tum
262 874 397 931 magis
420 873 655 915 increscunt
678 872 827 914 animis
851 871 1110 914 discordibus
1135 871 1233 921 irae,
1546 881 1610 913 685

151 944 191 979 ct
214 937 298 978 iam
322 935 483 978 collecti
507 935 640 977 Troes
665 935 949 991 glomerantur
973 934 1120 976 eodem

150 1007 191 1041 et
214 998 401 1040 conferre
425 1013 596 1039 manum
621 1003 662 1038 et
683 1011 925 1052 procurrere
949 996 1115 1052 longius
1140 995 1306 1037 audent.

206 1060 386 1102 Ductori
411 1060 554 1101 Turno
578 1059 743 1101 diversa
765 1059 810 1100 in
832 1065 950 1114 parte
974 1058 1131 1100 furenti

150 1123 412 1178 turbantique
437 1122 548 1164 viros
572 1121 779 1177 perfertur
801 1121 992 1171 nuntius,
1018 1120 1183 1162 hostem

151 1186 311 1227 fervere
335 1185 462 1227 caede
484 1199 595 1226 nova
617 1190 659 1226 et
680 1190 822 1240 portas
846 1182 1045 1239 praebere
1068 1182 1261 1238 patentis
1546 1193 1611 1223 690

152 1247 305 1289 deserit
327 1247 538 1302 inceptum
562 1252 685 1300 atque
709 1246 866 1288 inmani
889 1245 1076 1288 concitus
1100 1245 1162 1286 ira

152 1309 410 1351 Dardaniam
433 1309 516 1350 ruit
538 1308 592 1350 ad
614 1314 778 1364 portam
800 1307 1033 1362 fratresque
1058 1306 1274 1362 superbos.

153 1378 195 1414 et
217 1371 397 1427 primum
419 1369 699 1426 Antiphaten,
723 1370 760 1411 is
785 1370 895 1412 enim
921 1385 966 1411 se
989 1370 1147 1425 primus
1173 1368 1337 1425 agebat,

153 1433 356 1476 Thebana
379 1433 431 1475 de
455 1440 586 1474 matre
608 1432 784 1474 nothum
809 1431 1064 1487 Sarpedonis
1089 1431 1173 1481 alti,

154 1496 340 1538 coniecto
365 1495 510 1537 sternit
532 1494 687 1545 iaculo;
712 1494 825 1536 volat
847 1493 955 1535 Itala
978 1507 1129 1535 cornus
1548 1506 1612 1535 695

154 1572 250 1600 aera
272 1572 349 1614 per
371 1563 578 1607 tenerum,
605 1556 904 1610 stomachoque
927 1555 1056 1597 infixa
1080 1554 1158 1597 sub
1183 1554 1313 1597 altum

153 1626 298 1676 pectus
323 1619 431 1671 abit3
455 1619 590 1661 reddit
615 1634 765 1675 specus
790 1618 868 1660 atri
891 1618 1070 1660 volneris
1094 1618 1250 1659 undam

155 1688 416 1739 spumantem
441 1688 482 1724 et
504 1682 589 1724 fixo
613 1681 769 1723 ferrum
791 1681 836 1723 in
857 1681 1054 1737 pulmone
1078 1680 1265 1736 tepescit.

155 1753 242 1786 tum
260 1743 480 1800 Meropem
504 1750 629 1798 atque
653 1743 887 1799 Erymanta
909 1758 1049 1793 manu,
1075 1748 1165 1783 tum
1189 1741 1335 1783 sternit
1351 1740 1612 1797 Aphidnum,

155 1814 243 1849 tum
266 1806 406 1848 Bitian
430 1806 644 1848 ardentem
667 1805 798 1848 oculis
822 1805 1056 1860 animisque
1079 1804 1339 1854 frementem,
1549 1817 1613 1846 τοο

155 1883 239 1910 non
261 1867 415 1919 iaculo,
440 1893 496 1899 -—
518 1882 655 1923 neque
679 1868 790 1910 enim
813 1867 949 1910 iaculo
972 1867 1103 1909 vitam
1126 1867 1196 1908 ille
1220 1866 1405 1908 dedisset
1431 1891 1485 1895 —-

156 1931 231 1973 sed
253 1945 452 1986 magnum
477 1931 654 1972 stridens
679 1937 866 1972 contorta
887 1929 1100 1986 phalarica
1122 1928 1249 1979 venit,

156 1992 340 2034 fulminis
366 1998 459 2034 acta
482 1993 626 2044 modo,
651 2007 778 2047 quam
801 2007 880 2034 nec
904 1992 988 2034 duo
1013 1998 1155 2033 taurea
1179 1998 1296 2047 terga

155 2069 232 2097 nec
255 2054 410 2110 duplici
434 2069 610 2109 squama
631 2055 760 2097 lorica
782 2055 917 2097 fidelis
942 2060 984 2097 et
1007 2069 1108 2097 auro

156 2116 369 2167 sustinuit3
394 2117 592 2172 conlapsa
614 2123 740 2159 ruunt
762 2117 947 2159 inmania
968 2116 1169 2159 membra.
1550 2127 1614 2158 705>

155 2179 228 2220 dat
250 2178 372 2220 tellus
395 2180 598 2235 gemitum
622 2186 664 2221 et
687 2180 867 2235 clipeum
892 2194 1018 2235 super
1039 2180 1199 2222 intonat
1222 2179 1384 2234 ingens.

157 2239 251 2281 talis
274 2239 319 2281 in
340 2239 532 2282 Euboico
556 2241 755 2282 Baiarum
777 2241 896 2283 litore
920 2241 1131 2295 quondam

159 2315 286 2343 saxea
308 2301 394 2357 pila
417 2302 545 2351 cadit,
570 2302 733 2358 magnis
758 2317 884 2356 quam
907 2302 1086 2344 molibus
1111 2309 1206 2343 ante

159 2368 437 2405 constructam
460 2369 588 2418 ponto
613 2363 785 2414 iaciunt3
811 2364 871 2405 sic
894 2364 966 2406 illa
987 2364 1149 2406 ruinam

158 2438 289 2480 prona
313 2424 455 2475 trahit,
479 2425 726 2480 penitusque
750 2425 869 2467 vadis
893 2425 1016 2467 inlisa
1037 2425 1260 2476 recumbit3
1550 2437 1614 2467 710

159 2486 335 2528 miscent
360 2501 405 2528 se
429 2486 559 2528 maria
582 2493 623 2528 et
646 2486 790 2542 nigrae
814 2487 1055 2528 attolluntur
1078 2501 1246 2537 arenae3

160 2555 249 2590 tum
273 2548 412 2590 sonitu
434 2548 644 2604 Prochyta
668 2549 750 2590 alta
774 2549 910 2590 tremit
935 2549 1166 2603 durumque
1190 2547 1325 2590 cubile

161 2610 340 2652 Inarime
363 2610 477 2652 Iovis
501 2610 684 2666 imperiis
707 2611 874 2667 inposta
898 2610 1114 2666 Typhoeo.

217 2672 303 2714 Hic
326 2672 445 2714 Mars
470 2673 722 2728 armipotens
746 2673 931 2715 animum
953 2673 1146 2728 viresque
1169 2673 1334 2714 Latinis

162 2734 318 2776 addidit
343 2741 382 2777 ct
407 2734 595 2776 stimulos
620 2735 725 2776 acris
751 2735 829 2777 sub
852 2742 1019 2791 pectore
1042 2736 1176 2786 vertit,
1549 2750 1612 2778 715
