1820 3080
399 329 483 371 234
797 340 840 372 P.
857 336 1087 373 VERGILII
1105 335 1327 373 MARONIS

396 438 490 478 litus
515 443 647 487 arant,
671 437 927 489 Rutulosque
951 441 1139 477 exercent
1161 450 1324 478 vomere
1347 438 1482 488 colles,

398 497 694 550 Circaeumque
717 497 877 550 iugum,
902 496 994 549 quis
1016 495 1202 550 Iuppiter
1222 495 1419 539 Anxurus
1443 499 1550 541 arvis

307 570 372 601 800
393 557 599 612 praesidet
621 562 662 597 et
683 555 802 598 viridi
824 556 1008 611 gaudens
1031 555 1208 597 Feronia
1229 557 1320 599 luco
1327 573 1339 607 3

302 870 365 900 305

299 1171 364 1200 810

299 1472 363 1502 815

320 2669 361 2698 10

393 632 474 670 qua
499 615 673 659 Saturae
695 616 800 657 iacet
823 621 910 657 atra
931 616 1070 670 palus,
1093 617 1334 672 gelidusque
1355 632 1429 672 per
1449 619 1553 667 imas

393 677 550 729 quaerit
572 677 648 717 iter
670 676 796 717 valles
821 682 942 730 atque
964 677 1008 717 in
1029 691 1140 718 mare
1165 677 1350 719 conditur
1372 678 1520 720 Ufens.

446 737 539 778 Hos
565 751 687 792 super
710 737 875 778 advenit
897 736 1051 778 Volsca
1073 738 1124 778 de
1147 744 1268 793 gente
1294 738 1470 780 Camilla

391 811 540 852 agmen
562 812 689 852 agens
714 797 895 850 equitum
918 803 959 838 et
981 797 1160 839 florentis
1185 812 1277 839 aere
1306 804 1502 848 catervas,

389 857 594 907 bellatrix,
619 872 702 898 non
724 857 793 898 illa
816 857 905 898 colo
929 857 1150 899 calathisve
1172 857 1386 900 Minervae

388 917 586 959 femineas
610 918 780 959 adsueta
802 933 967 967 manus,
993 919 1066 959 sed
1087 919 1242 973 proelia
1264 919 1381 974 virgo

389 978 492 1018 dura
513 978 598 1032 pati
622 992 824 1031 cursuque
845 979 999 1033 pedum
1019 984 1275 1033 praevertere
1298 985 1455 1021 ventos.

387 1038 458 1078 illa
479 1038 544 1078 vel
566 1039 741 1080 intactae
764 1039 914 1094 segetis
937 1053 1011 1093 per
1034 1054 1194 1080 summa
1215 1039 1369 1081 volaret

388 1099 589 1153 gramina,
613 1113 689 1140 nec
712 1105 869 1140 teneras
894 1113 1016 1140 cursu
1037 1099 1225 1141 laesisset
1247 1100 1405 1150 aristas,

387 1158 453 1198 vel
476 1173 586 1199 mare
607 1173 682 1214 per
703 1160 881 1200 medium
904 1160 1029 1200 fluctu
1053 1174 1253 1214 suspensa
1275 1161 1446 1201 tumenti

388 1218 511 1259 ferret
533 1219 626 1268 iter,
652 1220 794 1261 celeris
817 1234 893 1261 nec
916 1220 1118 1275 tingueret
1140 1235 1315 1273 aequore
1336 1221 1508 1275 plantas.

387 1278 498 1319 illam
522 1280 652 1321 omnis
676 1281 791 1321 tectis
816 1281 1006 1335 agrisque
1029 1280 1161 1321 effusa
1182 1281 1371 1322 iuventus

388 1338 584 1392 turbaque
607 1340 775 1380 miratur
797 1346 972 1381 matrum
995 1346 1036 1381 et
1056 1346 1288 1410 prospectat
1311 1346 1486 1412 euntem,

387 1399 565 1440 attonitis
588 1400 747 1441 inhians
772 1401 935 1449 animis,
961 1405 1006 1441 ut
1027 1401 1165 1455 regius
1190 1407 1299 1442 ostro

388 1459 494 1500 velet
515 1460 644 1501 honos
666 1460 768 1501 levis
791 1460 1000 1509 humeros,
1026 1466 1071 1502 ut
1072 1434 1219 1501 ofibula
1242 1461 1392 1502 crinem

386 1534 484 1561 auro
507 1520 762 1569 internectat,
792 1520 968 1574 Lyciam
991 1527 1036 1561 ut
1058 1526 1174 1576 gerat
1195 1521 1286 1575 ipsa
1307 1521 1535 1575 pharetram

388 1585 428 1620 ct
449 1580 695 1634 pastoralem
717 1580 898 1634 praefixa
921 1581 1089 1635 cuspide
1113 1586 1302 1635 myrtum.

786 1859 1319 1913 AENEIDOS

855 2009 1088 2047 LIBER
1129 2010 1244 2048 VIII.

385 2117 444 2158 Ut
466 2117 563 2159 belli
586 2118 749 2174 signum
771 2119 971 2160 Laurenti
996 2119 1159 2161 Turnus
1184 2120 1236 2161 ab
1261 2135 1351 2162 arce

384 2178 527 2219 extulit
549 2184 590 2219 et
610 2193 734 2220 rauco
747 2178 1014 2233 *strepuerunt
1038 2195 1189 2222 cornua
1211 2187 1345 2229 cantu,

383 2244 508 2291 utque
532 2239 636 2279 acris
661 2240 866 2280 concussit
889 2254 1034 2292 equos,
1058 2247 1183 2294 utque
1206 2241 1352 2294 inpulit
1375 2255 1497 2290 arma,

385 2298 587 2352 extemplo
611 2298 759 2339 turbati
783 2299 923 2349 animi,
949 2300 1070 2341 simul
1093 2315 1213 2341 omne
1237 2300 1413 2341 tumultu

384 2358 566 2399 coniurat
588 2358 745 2413 trepido
767 2359 955 2409 Latium,
981 2361 1189 2414 saevitque
1212 2361 1401 2401 iuventus

384 2417 519 2459 effera.
544 2418 731 2460 ductores
754 2419 874 2473 primi
896 2419 1117 2475 Messapus
1142 2426 1183 2461 et
1204 2420 1339 2462 Ufens

384 2483 714 2532 contemptorque
736 2479 859 2520 deum
880 2479 1113 2522 Mezentius
1136 2481 1316 2534 undique
1339 2487 1490 2535 cogunt

384 2538 534 2579 auxilia
556 2543 597 2579 et
618 2538 722 2580 latos
746 2545 908 2581 vastant
931 2540 1151 2582 cultoribus
1175 2556 1308 2596 agros.

384 2597 554 2638 mittitur
576 2603 616 2639 et
638 2599 776 2654 magni
798 2599 984 2642 Venulus
1006 2600 1222 2642 Diomedis
1246 2601 1299 2641 ad
1320 2600 1475 2649 urbem,

385 2657 455 2709 qui
476 2662 586 2711 petat
609 2659 804 2699 auxilium
827 2665 868 2700 et
889 2660 1014 2702 Latio
1036 2661 1256 2702 consistere
1279 2661 1472 2708 Teucros,

385 2716 597 2757 advectum
621 2716 793 2759 Aenean
816 2719 938 2767 classi
962 2720 1170 2773 victosque
1191 2720 1358 2761 Penatis
