1820 3054
255 450 317 480 455

254 750 318 780 460

255 1053 319 1083 465

257 1356 322 1385 470

259 1657 323 1687 475

258 1959 323 1991 480

261 2262 325 2293 485

343 327 426 368 334
743 333 784 365 P.
804 329 1033 366 VERGILII
1053 328 1276 365 MARONIS

342 443 434 477 ante
458 434 598 475 volans
624 432 881 483 sonitumque
905 430 1040 471 ferunt
1063 429 1116 470 ad
1140 430 1256 471 litora
1281 433 1406 473 venti:

341 496 432 537 talis
455 495 498 535 in
521 493 714 534 adversos
738 492 882 532 ductor
904 491 1127 532 Rhoeteius
1152 491 1280 533 hostis

342 569 489 610 agmen
512 554 614 608 agit3
639 552 755 593 densi
779 552 918 592 cuneis
944 566 987 592 se
1012 552 1186 605 quisque
1210 554 1338 594 coacti

341 615 631 670 adglomerant.
656 612 750 654 serit
773 627 870 654 ense
893 627 1060 667 gravem
1085 613 1370 668 Thymbraeus
1397 614 1562 666 Osirim,

340 675 582 716 Archetium
605 673 867 722 Mnestheus,
892 673 1142 727 Epulontem
1166 674 1378 716 obtruncat
1401 675 1596 726 Achates,

343 735 618 788 Ufentemque
643 732 758 788 Gyas
766 750 779 784 ς
803 734 911 775 cadit
932 734 1022 789 ipse
1045 734 1287 777 Tolumnius
1312 751 1453 791 augur,

341 796 496 851 primus
519 796 561 837 in
585 796 778 837 adversos
804 795 930 836 telum
953 795 1023 849 qui
1047 802 1218 837 torserat
1241 796 1382 838 hostis.

341 857 494 898 tollitur
515 857 558 897 in
581 856 739 898 caelum
764 856 933 906 clamor,
958 857 1146 910 versique
1170 858 1351 900 vicissim

340 917 623 970 pulverulenta
645 916 746 973 fuga
768 917 912 958 Rutuli
935 918 1034 958 dant
1056 924 1172 973 terga
1193 933 1267 973 per
1289 934 1422 974 agros.

341 980 430 1033 ipse
453 992 586 1031 neque
609 978 804 1020 adversos
828 978 1018 1033 dignatur
1041 984 1219 1020 sternere
1242 980 1373 1030 morti,

343 1053 419 1081 nec
440 1039 545 1094 pede
569 1053 812 1094 congressos
836 1053 967 1092 aequo
990 1053 1066 1080 nec
1089 1039 1170 1080 tela
1192 1040 1358 1082 ferentis

342 1099 585 1153 insequitur,
612 1100 744 1141 solum
767 1100 895 1141 densa
917 1100 960 1140 in
983 1100 1156 1155 caligine
1180 1100 1365 1142 Turnum

343 1162 521 1216 vestigat
542 1160 738 1211 lustrans,
765 1161 896 1202 solum
919 1161 962 1201 in
985 1161 1204 1202 certamina
1225 1163 1369 1216 poscit.

343 1222 421 1263 hoc
444 1235 644 1263 concussa
666 1228 778 1263 metu
801 1228 979 1263 mentem
1002 1221 1174 1262 Iuturna
1197 1223 1337 1277 virago

344 1282 529 1338 auriga‘m
552 1282 682 1323 Turni
705 1283 840 1323 media
862 1282 967 1323 inter
989 1281 1075 1323 lora
1097 1281 1321 1324 Metiscum

346 1342 500 1384 excutit
523 1348 564 1383 et
585 1342 707 1398 longe
730 1342 893 1397 lapsum
916 1349 1079 1383 temone
1102 1342 1293 1396 relinquit
1300 1359 1311 1392 ;

343 1402 435 1457 ipsa
458 1402 585 1452 subit,
611 1403 880 1455 manibusque
903 1402 1095 1443 undantis
1119 1402 1244 1444 flectit
1267 1403 1460 1453 habenas,

345 1468 492 1504 cuncta
514 1477 679 1517 gerens,
705 1477 929 1516 vocemque
953 1469 994 1504 et
1017 1477 1164 1518 corpus
1190 1470 1229 1504 et
1254 1479 1365 1506 arma
1388 1465 1565 1507 Metisci.

345 1523 463 1577 nigra
485 1523 596 1564 velut
619 1538 791 1578 magnas
816 1524 970 1564 domini
994 1538 1087 1565 cum
1111 1525 1248 1566 divitis
1273 1526 1394 1566 aedes

344 1583 528 1638 pervolat
551 1591 593 1625 et
614 1585 760 1639 pennis
784 1584 866 1625 alta
889 1585 991 1626 atria
1012 1584 1158 1626 lustrat
1181 1585 1366 1635 hirundo,

345 1643 497 1699 pabula
518 1659 646 1699 parva
669 1645 810 1701 legens
834 1646 1023 1700 nidisque
1045 1646 1285 1699 loquacibus
1310 1662 1444 1697 escas3

346 1714 386 1746 et
408 1720 517 1747 nunc
538 1706 763 1760 porticibus
787 1707 947 1757 vacuis,
971 1721 1081 1748 nunc
1109 1707 1277 1748 humida
1300 1708 1451 1749 circum

346 1772 494 1822 stagna
517 1774 652 1809 sonat:
680 1768 823 1810 similis
848 1769 1004 1810 medios
1028 1769 1200 1810 Iuturna
1222 1784 1295 1824 per
1317 1770 1446 1811 hostis

346 1827 475 1868 fertur
497 1828 632 1881 equis,
656 1829 880 1883 rapidoque
905 1829 1048 1871 volans
1073 1829 1159 1871 obit
1181 1831 1317 1871 omnia
1341 1845 1478 1881 curru3

346 1887 509 1941 iamque
532 1888 599 1929 hic
622 1903 880 1944 germanum,
905 1890 1069 1944 iamque
1091 1890 1159 1932 hie
1183 1897 1358 1932 ostentat
1382 1898 1588 1942 ovantem3

347 1962 423 1989 nec
446 1948 629 1990 conferre
652 1965 819 1990 manum
842 1950 1011 2004 patitur3
1036 1951 1146 1992 volat
1169 1952 1261 1992 avia
1283 1952 1416 2007 longe.

347 2007 459 2048 haud
481 2008 616 2050 minus
640 2008 806 2051 Aeneas
831 2017 957 2051 tortos
980 2011 1081 2065 legit
1104 2011 1248 2052 obvius
1274 2011 1405 2061 orbes,

347 2068 603 2123 vestigatque
625 2070 758 2110 virum
782 2076 822 2111 et
845 2070 1014 2112 disiecta
1036 2085 1110 2125 per
1132 2071 1296 2126 agmina
1319 2087 1469 2126 magna

347 2143 448 2170 voce
473 2136 603 2171 vocat.
629 2131 816 2184 quotiens
841 2131 981 2173 oculos
1006 2131 1177 2173 coniecit
1200 2132 1243 2172 in
1266 2132 1438 2181 hostem,

349 2188 636 2244 alipedumque
659 2191 803 2247 fugam
827 2206 949 2233 cursu
973 2193 1185 2247 temptavit
1209 2207 1416 2246 equorum,

349 2264 515 2292 aversos
541 2252 686 2293 totiens
711 2267 853 2294 currus
876 2253 1049 2294 Iuturna
1072 2253 1245 2294 retorsit.

349 2309 447 2359 heu,
472 2311 571 2364 quid
595 2312 715 2367 agat?
737 2313 850 2354 vario
873 2313 1120 2367 nequiquam
1143 2314 1311 2355 fluctuat
1334 2321 1461 2363 aestu,

351 2370 617 2426 diversaeque
641 2379 789 2414 vocant
812 2374 993 2415 animum
1015 2374 1058 2415 in
1085 2375 1285 2416 contraria
1308 2389 1440 2416 curae.

350 2431 445 2473 huic
467 2431 708 2489 Messapus,
733 2435 792 2476 uti
814 2434 933 2476 laeva
954 2435 1037 2477 duo
1060 2434 1164 2476 forte
1187 2435 1355 2491 gerebat

351 2491 478 2542 lenta,
503 2492 604 2535 levis
629 2508 770 2545 cursu,
794 2495 976 2550 praefixa
997 2495 1161 2537 hastilia
1183 2496 1302 2546 ferro,

260 2563 329 2593 490
352 2551 496 2594 horum
519 2568 647 2595 unum
670 2562 781 2598 certo
804 2562 1074 2610 contorquens
1098 2556 1235 2612 dirigit
1256 2557 1352 2598 ictu.

354 2612 533 2655 substitit
554 2614 721 2657 Aeneas
746 2623 786 2658 et
809 2631 854 2658 se
878 2616 1042 2672 collegit
1063 2617 1107 2658 in
1129 2632 1252 2666 arma,

353 2673 504 2726 poplite
529 2675 764 2727 subsidens;
789 2678 946 2732 apicem
970 2683 1107 2719 tamen
1129 2678 1253 2719 incita
1276 2692 1477 2720 summum

354 2731 472 2774 hasta
494 2735 602 2786 tulit,
629 2752 890 2792 summasque
915 2738 1093 2780 excussit
1117 2739 1265 2780 vertice
1289 2738 1443 2780 cristas.
