1794 3048
307 655 348 684 30

307 958 348 988 35

306 1262 348 1292 40

306 1568 347 1598 45

307 1874 349 1904 50

309 2179 350 2209 55

311 2484 353 2515 60

373 290 427 331 90
773 300 814 334 Ρ.
836 298 1066 335 VERGILII
1085 298 1308 336 MARONIS

373 400 606 441 exciderant
630 399 785 448 animo;
810 405 946 439 manet
970 398 1052 439 alta
1074 405 1208 440 mente
1231 407 1437 454 repostum

372 460 567 501 iudicium
592 459 752 500 Paridis
778 465 1016 513 spretaeque
1039 459 1184 500 iniuria
1207 459 1374 510 formae,

373 527 413 562 et
436 535 567 575 genus
591 519 788 569 invisum,
814 526 854 560 et
877 520 982 574 rapti
1006 518 1259 574 Ganymedis
1282 520 1476 572 honores3

371 581 436 621 his
462 594 635 621 accensa
659 594 782 634 super
804 580 974 622 iactatos
999 594 1174 634 aequore
1197 587 1283 623 toto

373 641 522 690 Troas,
547 639 738 694 reliquias
761 640 955 682 Danaum
979 647 1102 695 atque
1125 641 1278 683 inmitis
1302 641 1468 692 Achilli,

371 700 534 742 arcebat
557 700 678 756 longe
702 701 844 751 Latio,
869 701 1100 755 multosque
1123 716 1196 757 per
1219 717 1348 745 annos

372 761 560 804 errabant
583 762 662 803 acti
686 762 781 804 fatis
805 763 933 804 maria
957 764 1092 805 omnia
1116 764 1280 805 circum.

371 828 506 864 tantae
529 823 648 864 molis
674 830 759 865 erat
781 823 1011 865 Romanam
1035 825 1208 866 condere
1231 831 1408 880 gentem.

426 883 510 925 Vix
534 898 556 925 e
580 890 802 939 conspectu
828 883 992 927 Siculae
1017 885 1171 926 telluris
1194 885 1237 926 in
1261 885 1387 927 altum

372 944 464 985 vela
487 944 639 986 dabant
661 945 757 986 laeti
781 951 821 986 et
845 960 1012 1000 spumas
1038 945 1134 987 salis
1159 960 1251 987 aere
1274 946 1460 996 ruebant,

370 1018 465 1046 cum
487 1005 611 1056 Iuno,
637 1012 847 1048 aeternum
872 1020 1039 1048 servans
1065 1006 1143 1049 sub
1166 1013 1332 1062 pectore
1356 1007 1514 1057 volnus,

370 1066 472 1108 haec
497 1081 653 1108 secum:
681 1082 825 1118 „mene
849 1068 1009 1123 incepto
1034 1068 1229 1109 desistere
1253 1068 1415 1118 victam,

372 1141 447 1168 nec
470 1142 593 1182 posse
616 1127 736 1169 Italia
760 1128 1013 1170 Teucrorum
1037 1134 1218 1170 avertere
1241 1129 1406 1184 regem?

371 1189 523 1244 quippe
546 1195 662 1230 vetor
685 1189 793 1230 fatis.
818 1188 1011 1230 Pallasne
1035 1203 1203 1230 exurere
1227 1189 1400 1231 classem

371 1249 574 1305 Argivom
598 1255 720 1303 atque
743 1249 856 1304 ipsos
880 1249 1012 1304 potuit
1035 1249 1297 1305 submergere
1319 1256 1445 1305 ponto

371 1311 492 1351 unius
517 1309 569 1352 ob
593 1325 744 1351 noxam
767 1316 808 1351 et
831 1310 958 1351 furias
982 1308 1126 1351 Aiacis
1152 1309 1262 1352 Oili?

370 1371 479 1426 ipsa,
503 1370 616 1412 Iovis
639 1370 828 1425 rapidum
850 1370 1026 1412 iaculata
1049 1384 1071 1412 e
1095 1370 1273 1412 nubibus
1296 1370 1448 1426 ignem,

372 1432 609 1485 disiecitque
633 1437 740 1472 rates
766 1431 990 1485 evertitque
1014 1445 1193 1485 aequora
1215 1431 1361 1481 ventis,

372 1493 487 1536 illum
511 1492 784 1546 exspirantem
807 1492 1003 1534 transfixo
1028 1498 1209 1547 tempore
1232 1492 1418 1534 flammas

372 1553 531 1594 turbine
556 1553 749 1607 corripuit
772 1553 1022 1608 scopuloque
1045 1553 1177 1594 infixit
1200 1559 1320 1595 acuto
1328 1569 1339 1603 ;

373 1621 436 1656 ast
460 1629 556 1671 ego,
581 1629 687 1668 quae
711 1614 849 1655 divom
872 1614 1016 1655 incedo
1040 1614 1199 1669 regina,
1224 1614 1418 1668 Iovisque

373 1682 413 1717 ct
438 1690 550 1717 soror
573 1681 614 1716 et
637 1675 832 1725 coniunx,
857 1690 940 1717 una
962 1689 1056 1717 cum
1079 1680 1202 1731 gente
1225 1680 1285 1716 tot
1307 1689 1435 1716 annos

373 1737 480 1778 bella
502 1751 614 1792 gero.
639 1742 680 1778 et
702 1736 919 1790 quisquam
942 1751 1096 1778 numen
1118 1736 1288 1778 Iunonis
1313 1736 1454 1777 adorat

371 1803 597 1852 praeterea,
623 1803 693 1838 aut
717 1797 890 1852 supplex
913 1797 993 1839 aris
1016 1797 1184 1852 inponet
1206 1797 1457 1839 honorem?“

429 1858 547 1899 Talia
569 1858 776 1900 flammato
801 1873 940 1900 secum
963 1859 1041 1899 dea
1064 1859 1185 1900 corde
1208 1858 1397 1900 volutans

373 1918 605 1961 nimborum
627 1919 671 1959 in
693 1919 884 1973 patriam,
910 1919 1000 1960 loca
1023 1919 1108 1960 feta
1130 1919 1360 1960 furentibus
1385 1918 1546 1967 austris,

374 1980 565 2022 Aeoliam
588 1980 711 2021 venit.
735 1980 802 2021 hic
825 1986 942 2021 vasto
965 1995 1039 2021 rex
1061 1979 1219 2022 Aeolus
1244 1985 1358 2021 antro

374 2042 573 2083 luctantes
598 2046 742 2082 ventos
767 2046 1113 2095 tempestatesque
1138 2055 1306 2082 sonoras

374 2103 542 2158 imperio
566 2102 713 2158 premit
735 2117 784 2144 ac
806 2102 951 2144 vinclis
976 2107 1016 2143 et
1039 2116 1199 2144 carcere
1223 2102 1367 2143 frenat.

375 2165 432 2206 illi
455 2165 713 2220 indignantes
737 2180 889 2220 magno
913 2179 1007 2205 cum
1030 2179 1236 2205 murmure
1260 2164 1409 2205 montis

376 2226 528 2267 circum
552 2226 729 2267 claustra
752 2226 931 2267 fremunt
938 2241 949 2276 ;
980 2225 1091 2266 celsa
1115 2225 1229 2266 sedet
1252 2224 1410 2266 Aeolus
1434 2239 1526 2266 arce

376 2293 535 2342 sceptra
558 2292 699 2328 tenens
723 2286 934 2341 mollitque
958 2286 1115 2329 animos
1140 2291 1181 2328 et
1203 2292 1402 2340 temperat
1423 2285 1525 2335 iras3

375 2348 417 2389 ni
440 2348 581 2398 faciat,
606 2348 735 2389 maria
757 2362 806 2389 ac
829 2354 957 2389 terras
982 2347 1219 2402 caelumque
1242 2347 1493 2403 profundum

376 2410 527 2465 quippe
550 2409 683 2450 ferant
704 2410 839 2464 rapidi
862 2424 1002 2451 secum
1025 2415 1268 2462 verrantque
1291 2423 1365 2464 per
1386 2422 1518 2450 auras.

377 2471 451 2512 sed
472 2476 587 2526 pater
610 2470 865 2525 omnipotens
890 2470 1097 2526 speluncis
1122 2469 1278 2512 abdidit
1301 2469 1412 2518 atris,

375 2532 454 2573 hoc
477 2537 681 2581 metuens,
707 2532 937 2586 molemque
961 2537 1003 2574 et
1024 2537 1183 2573 montes
1207 2531 1375 2586 insuper
1397 2529 1500 2571 altos

376 2593 574 2647 inposuit,
598 2607 819 2648 regemque
844 2593 973 2644 dedit,
998 2593 1070 2647 qui
1092 2592 1257 2635 foedere
1281 2597 1390 2634 certo

378 2659 418 2694 ct
440 2668 623 2707 premere
646 2659 687 2695 et
709 2654 824 2696 laxas
849 2654 971 2696 sciret
993 2655 1090 2696 dare
1113 2654 1251 2696 iussus
1274 2651 1467 2694 habenas.

378 2714 431 2754 ad
454 2728 576 2767 quem
600 2720 686 2755 tum
709 2714 815 2757 Iuno
839 2715 1014 2770 supplex
1035 2715 1100 2756 his
1124 2713 1292 2756 vocibus
1316 2727 1392 2755 usa
1415 2718 1495 2754 est:
