1780 3074
585 295 843 336 AENEIDOS
860 296 958 332 LIB.
976 297 1006 332 Ι.
1247 337 1251 339 ,
1395 287 1477 329 105

118 402 277 445 Ilionea
298 401 402 457 petit
424 400 570 443 dextra
592 401 794 455 laevaque
821 398 1049 449 Serestum,

118 470 213 520 post
236 463 358 514 alios,
383 463 615 517 fortemque
641 461 784 518 Gyan,
810 462 1044 516 fortemque
1070 460 1337 504 Cloanthum.

176 524 408 581 Obstupuit
429 525 564 581 primo
588 531 761 580 aspectu
786 522 960 566 Sidonia
982 523 1110 574 Dido,

120 601 222 630 casu
258 587 406 629 deinde
431 586 509 629 viri
532 592 645 628 tanto
670 592 711 628 et
735 586 796 628 sic
819 600 890 627 ore
912 585 1052 627 locuta
1075 591 1157 627 est:

120 650 240 704 „quis
264 655 323 700 te,
349 655 444 691 nate
468 649 564 699 dea,
590 663 665 704 per
688 654 803 689 tanta
824 647 1009 703 pericula
1032 660 1154 689 casus
1502 662 1568 693 615

117 711 371 766 insequitur?
394 725 502 765 quae
525 711 589 752 vis
613 709 848 751 inmanibus
873 709 1054 764 adplicat
1077 708 1186 751 oris?

117 783 215 815 tune
237 773 307 814 ille
329 771 517 822 Aeneas,
543 786 667 825 quem
690 770 906 811 Dardanio
928 768 1143 811 Anchisae

117 835 226 876 alma
248 833 394 876 Venus
417 832 593 888 Phrygii
615 832 759 888 genuit
784 830 1010 873 Simoentis
1035 831 1089 872 ad
1111 832 1292 873 undam?

117 903 240 950 atque
264 895 456 949 equidem
481 894 690 935 Teucrum
714 892 884 934 memini
910 890 1070 934 Sidona
1092 893 1233 934 venire

116 957 267 999 finibus
292 956 512 1011 expulsum
534 955 699 1010 patriis,
725 969 835 996 nova
857 968 988 1010 regna
1009 959 1220 1009 petentem
1503 970 1569 1001 6⁶20

116 1018 268 1060 auxilio
290 1017 385 1059 Beli
392 1034 404 1068 3
428 1016 591 1073 genitor
614 1022 702 1057 tum
725 1015 855 1057 Belus
881 1015 1063 1070 opimam

115 1078 306 1122 vastabat
331 1078 519 1134 Cyprum
543 1083 585 1119 et
608 1077 741 1119 victor
764 1077 926 1118 dicione
950 1076 1128 1119 tenebat.

115 1147 298 1196 tempore
322 1140 406 1182 iam
430 1154 483 1182 ex
504 1139 576 1180 illo
600 1153 724 1180 casus
748 1138 850 1180 mihi
874 1139 1064 1195 cognitus
1088 1138 1203 1181 urbis

117 1202 320 1244 Troianae
343 1213 577 1255 nomenque
602 1206 720 1242 tuum
743 1214 948 1257 regesque
971 1199 1155 1257 Pelasgi.

114 1264 205 1320 ipse
228 1263 361 1306 hostis
386 1263 571 1305 Teucros
595 1262 752 1319 insigni
774 1262 897 1304 laude
921 1262 1094 1313 ferebat,
1503 1278 1568 1309 625

117 1340 243 1380 seque
267 1331 402 1367 ortum
426 1325 595 1378 antiqua
618 1324 874 1366 Teucrorum
897 1324 950 1366 ab
977 1325 1103 1380 stirpe
1126 1325 1305 1367 volebat.

116 1401 243 1441 quare
266 1387 395 1443 agite,
421 1401 445 1428 o
469 1386 608 1436 tectis,
633 1386 824 1436 iuvenes,
852 1387 1060 1428 succedite
1082 1387 1248 1429 nostris.

116 1463 182 1490 me
206 1462 372 1503 quoque
395 1462 469 1504 per
492 1447 644 1489 multos
670 1447 816 1489 similis
840 1448 1007 1489 fortuna
1029 1447 1193 1490 labores

115 1511 309 1552 iactatam
331 1510 410 1551 hac
435 1510 602 1551 demum
626 1509 759 1551 voluit
782 1509 1008 1551 consistere
1032 1515 1152 1551 terra.

115 1587 199 1614 non
222 1572 366 1629 ignara
390 1571 488 1613 mali
511 1571 673 1612 miseris
698 1585 938 1613 succurrere
962 1570 1117 1612 disco.“
1503 1585 1570 1617 630

117 1634 177 1676 sic
200 1639 418 1684 memorat3
445 1632 567 1675 simul
590 1631 768 1674 Aenean
790 1632 835 1673 in
854 1632 973 1688 regia
996 1632 1111 1674 ducit

116 1701 242 1745 tecta,
269 1694 392 1736 simul
416 1694 557 1736 divom
582 1693 747 1749 templis
771 1693 916 1735 indicit
937 1693 1148 1736 honorem.

117 1771 193 1798 nec
216 1757 354 1797 minus
378 1756 534 1798 interea
558 1755 680 1797 sociis
705 1755 759 1797 ad
782 1755 902 1797 litora
923 1755 1048 1796 mittit

116 1818 263 1874 viginti
287 1823 445 1868 tauros,
471 1832 718 1873 magnorum
740 1816 950 1859 horrentia
973 1823 1139 1858 centum

118 1888 234 1935 terga
258 1894 398 1930 suum,
423 1879 591 1935 pinguis
617 1883 784 1920 centum
808 1893 903 1921 cum
927 1878 1129 1921 matribus
1154 1894 1298 1935 agnos,
1504 1894 1569 1925 635

116 1956 287 1983 munera
309 1941 588 1996 laetitiamque
613 1941 683 1983 dii.

116 2009 158 2044 at
181 2003 329 2045 domus
353 2003 522 2045 interior
543 2003 675 2060 regali
699 2003 916 2059 splendida
937 2003 1039 2045 luxu

115 2065 347 2116 instruitur,
371 2065 602 2120 mediisque
625 2071 773 2122 parant
797 2066 987 2108 convivia
1010 2066 1148 2108 tectis:

116 2133 202 2168 arte
224 2126 434 2169 laboratae
457 2133 596 2170 vestes
621 2133 816 2182 ostroque
842 2127 1034 2183 superbo,

115 2188 262 2245 ingens
287 2195 504 2246 argentum
526 2190 702 2240 mensis,
728 2190 968 2244 caelataque
990 2190 1036 2231 in
1059 2204 1160 2232 auro
1504 2201 1570 2234 610

115 2249 240 2292 fortia
261 2250 373 2292 facta
394 2258 578 2306 patrum,
604 2251 731 2293 series
755 2251 1000 2308 longissima
1022 2266 1162 2293 rerum

116 2325 191 2366 per
212 2316 273 2352 tot
296 2311 420 2353 ducta
441 2312 553 2354 viros
578 2312 771 2366 antiquae
795 2312 847 2354 ab
873 2313 1031 2368 origine
1054 2312 1204 2368 gentis.

172 2370 341 2414 Aeneas
366 2397 422 2402 -
443 2386 580 2426 neque
605 2373 715 2414 enim
737 2373 897 2428 patrius
922 2374 1147 2415 consistere
1171 2379 1353 2414 mentem

117 2448 268 2488 passus
293 2448 410 2475 amor
433 2458 488 2463 —
510 2433 703 2488 rapidum
728 2434 782 2475 ad
803 2434 924 2475 navis
947 2434 1173 2489 praemittit
1195 2433 1402 2484 Achaten,

117 2494 303 2537 Ascanio
327 2495 432 2537 ferat
454 2494 576 2545 haec,
601 2494 822 2550 ipsumque
845 2494 900 2536 ad
922 2495 1086 2536 moenia
1108 2494 1251 2545 ducat3
1502 2508 1568 2540 645

119 2556 251 2599 omnis
274 2557 318 2598 in
342 2555 526 2599 Ascanio
551 2556 636 2598 cari
660 2561 742 2597 stat
765 2569 864 2597 cura
886 2555 1081 2610 parentis.

119 2632 290 2660 munera
311 2624 541 2673 praeterea,
567 2617 707 2658 Iliacis
732 2622 873 2672 erepta
894 2617 1037 2667 ruinis,

121 2679 227 2722 ferre
249 2680 382 2731 iubet,
406 2680 560 2736 pallam
585 2679 714 2735 signis
740 2692 922 2734 auroque
944 2678 1159 2734 rigentem,

123 2746 164 2781 et
186 2741 499 2785 circumtextum
523 2756 667 2788 croceo
691 2740 881 2783 velamen
904 2740 1091 2791 acantho,
