1780 3074
534 284 833 325 GEORGICON
851 283 950 319 LIB.
969 283 1037 319 111.

99 398 184 439 otia
207 400 336 451 agunt
360 402 485 443 terra,
512 397 794 448 congestaque
817 387 968 431 robora
991 395 1183 443 totasque

100 457 321 500 advolvere
345 455 450 497 focis
475 454 611 495 ulmos
635 452 807 509 ignique
831 450 994 492 dedere.

99 520 168 562 hic
191 525 355 561 noctem
378 517 478 558 ludo
502 516 661 557 ducunt
684 520 725 556 et
747 513 898 570 pocula
920 512 1019 555 laeti

100 582 303 624 fermento
328 587 452 634 atque
476 578 606 621 acidis
630 577 844 619 imitantur
866 575 977 617 vitea
1001 573 1148 617 sorbis.

101 644 194 687 talis
219 641 496 699 Hyperboreo
524 639 696 696 Septem
721 638 910 681 subiecta
932 637 1055 679 trioni

99 721 204 763 gens
230 705 386 747 effrena
409 703 544 745 virum
567 701 786 758 Rhiphaeo
811 699 998 741 tunditur
1021 714 1133 749 euro,

102 775 143 823 et
165 767 374 824 pecudum
397 764 524 807 fulvis
549 763 740 805 velantur
763 776 934 817 corpora
959 761 1099 803 saetis.

161 829 211 873 Si
233 828 308 871 tibi
330 827 520 869 lanitium
544 839 687 875 curae,
712 824 893 880 primum
916 837 1067 878 aspera
1091 823 1196 864 silva

103 893 333 948 lappaeque
358 888 577 942 tribolique
601 886 758 937 absint3
783 886 884 942 fuge
907 884 1063 940 pabula
1085 885 1213 934 laeta3

103 953 381 1006 continuoque
404 964 554 1008 greges
578 948 688 990 villis
711 948 806 1004 lege
829 946 1024 989 mollibus
1049 946 1180 988 albos.

103 1016 221 1059 illum
244 1020 402 1064 autem,
428 1011 619 1068 quamvis
644 1011 751 1053 aries
777 1010 831 1052 sit
854 1009 1056 1052 candidus
1081 1009 1185 1065 ipse,

104 1078 225 1135 nigra
248 1075 392 1119 subest
414 1075 498 1117 udo
522 1079 684 1116 tantum
707 1072 775 1115 cui
797 1072 943 1129 lingua
965 1071 1118 1127 palato,

104 1141 230 1192 reice,
254 1154 308 1182 ne
331 1138 506 1181 maculis
530 1137 711 1179 infuscet
733 1135 887 1178 vellera
909 1135 1035 1191 pullis

105 1209 367 1252 nascentum,
392 1201 597 1258 plenoque
621 1199 749 1241 alium
773 1198 1044 1253 circumspice
1069 1212 1228 1254 campo.

106 1279 275 1307 munere
301 1263 361 1306 sic
384 1263 506 1305 niveo
530 1262 668 1312 lanae,
695 1261 731 1303 si
754 1260 923 1303 credere
947 1260 1121 1316 dignum
1145 1267 1222 1310 est,

107 1327 200 1369 Pan
222 1327 325 1368 deus
348 1324 557 1367 Arcadiae
581 1329 744 1379 captam
768 1328 828 1373 te,
852 1322 997 1373 Luna,
1023 1321 1184 1373 fefellit,

107 1390 150 1431 in
172 1402 343 1430 nemora
365 1386 449 1429 alta
471 1400 646 1435 vocans,
669 1399 748 1426 nec
772 1390 818 1426 tu
841 1390 1061 1440 aspernata
1083 1390 1315 1426 vocantem.

165 1450 227 1493 At
250 1450 318 1492 cui
341 1449 459 1491 lactis
484 1462 618 1498 amor,
645 1447 824 1503 cytisum
849 1446 1040 1500 lotosque
1063 1445 1293 1500 frequentis

107 1514 197 1569 ipse
220 1526 348 1553 manu
372 1510 587 1564 salsasque
611 1509 717 1550 ferat
740 1507 1012 1564 praesepibus
1036 1504 1200 1550 herbas.

107 1575 204 1617 hinc
228 1580 269 1616 et
292 1580 434 1616 amant
456 1572 605 1614 fluvios
630 1571 765 1627 magis
790 1576 831 1612 et
854 1570 990 1626 magis
1014 1569 1144 1612 ubera
1168 1570 1343 1612 tendunt

108 1645 150 1680 et
174 1637 273 1679 salis
297 1635 507 1679 occultum
530 1634 715 1677 referunt
737 1633 781 1675 in
808 1633 916 1675 lacte
941 1647 1146 1688 saporem.

108 1699 228 1742 multi
249 1699 334 1740 iam
358 1704 545 1740 excretos
569 1695 791 1753 prohibent
815 1711 841 1737 a
863 1695 1066 1737 matribus
1090 1695 1260 1745 haedos,

108 1762 324 1818 primaque
348 1760 511 1802 ferratis
536 1759 772 1815 praefigunt
795 1773 868 1800 ora
892 1757 1096 1813 capistris.

109 1824 223 1879 quod
247 1829 442 1879 surgente
467 1822 533 1864 die
557 1821 737 1863 mulsere
761 1820 957 1874 horisque
981 1819 1153 1870 diurnis,

109 1893 229 1929 nocte
253 1891 465 1941 premunt;
490 1883 603 1938 quod
625 1883 709 1925 iam
733 1881 913 1924 tenebris
939 1887 980 1923 et
1005 1881 1092 1923 sole
1116 1881 1290 1923 cadente

110 1947 188 1991 sub
212 1947 349 1990 lucem
373 1951 591 2002 exportant
615 1944 808 1994 calathis3
835 1943 921 1985 adit
944 1943 1097 1999 oppida
1119 1949 1280 1999 pastor;

110 2016 182 2053 aut
203 2024 330 2066 parco
355 2008 441 2051 sale
465 2007 742 2063 continguunt
764 2006 975 2060 hiemique
998 2011 1217 2061 reponunt.

166 2071 255 2114 Nec
278 2071 354 2113 tibi
377 2085 476 2112 cura
499 2084 650 2112 canum
674 2068 800 2110 fuerit
821 2074 1051 2124 postrema,
1078 2068 1154 2110 sed
1176 2082 1261 2109 una

111 2134 264 2176 velocis
292 2132 468 2189 Spartae
492 2131 651 2174 catulos
677 2145 898 2185 acremque
921 2129 1161 2172 Molossum

111 2211 237 2252 pasce
261 2210 354 2238 sero
377 2195 534 2251 pingui.
559 2208 788 2248 numquam
811 2191 1053 2235 custodibus
1077 2192 1159 2234 illis

112 2265 360 2301 nocturnum
385 2256 558 2299 stabulis
583 2256 720 2297 furem
744 2255 1020 2309 incursusque
1043 2254 1249 2310 luporum,

114 2326 186 2362 aut
208 2320 421 2374 inpacatos
447 2333 472 2359 a
495 2324 612 2373 tergo
636 2316 823 2358 horrebis
847 2316 1044 2358 Hiberos.

116 2396 240 2437 saepe
264 2381 389 2423 etiam
414 2394 538 2421 cursu
562 2379 729 2420 timidos
753 2377 931 2434 agitabis
955 2392 1148 2433 onagros,

116 2451 158 2487 et
180 2442 352 2486 canibus
377 2442 579 2497 leporem,
606 2439 779 2482 canibus
802 2439 1009 2481 venabere
1033 2440 1241 2487 dammas3

118 2520 243 2562 saepe
266 2504 494 2547 volutabris
518 2502 662 2559 pulsos
688 2500 947 2543 silvestribus
971 2515 1094 2556 apros

118 2567 268 2610 latratu
292 2566 478 2610 turbabis
503 2579 652 2621 egens,
677 2562 912 2617 montisque
935 2577 1011 2618 per
1033 2562 1140 2604 altos

120 2630 330 2687 ingentem
354 2629 534 2672 clamore
558 2640 723 2683 premes
748 2625 802 2667 ad
824 2624 928 2666 retia
951 2639 1134 2666 cervum.

177 2692 309 2734 Disce
332 2698 374 2734 et
398 2691 613 2734 odoratam
638 2686 812 2730 stabulis
837 2687 1064 2729 accendere
1089 2686 1270 2735 cedrum,

123 2753 406 2809 galbaneoque
431 2753 588 2808 agitare
611 2749 751 2807 gravis
776 2748 919 2791 nidore
944 2748 1174 2804 chelydros.

1206 2818 1262 2855 5³*

1410 272 1465 314 67

1494 586 1561 617 380

1498 898 1564 930 385

1503 1208 1567 1238 390

1505 1519 1570 1549 395

1507 1831 1574 1860 400

1509 2141 1576 2170 405

1514 2448 1579 2478 410

1515 2759 1580 2788 415
