1748 3048
242 648 284 677 20

242 952 283 980 25

244 1255 285 1285 30

243 1561 284 1589 :35

245 1865 285 1893 40

243 2170 284 2199 45

244 2474 285 2503 50

310 283 335 324 8
713 292 755 326 Ρ.
777 291 1008 328 VERGILII
1026 291 1249 328 MARONIS
1304 317 1306 320 -

307 392 368 434 M.
401 391 513 445 Quid
536 393 688 433 domini
712 392 881 440 faciant,
906 392 1057 432 audent
1080 406 1172 432 cum
1196 393 1291 434 talia
1315 393 1442 434 fures!

306 468 389 494 non
411 467 488 508 ego
513 460 551 493 te
575 453 658 493 vidi
681 451 903 500 Damonis,
930 451 1124 505 pessime,
1150 466 1317 506 caprum

307 514 492 568 excipere
516 513 692 561 insidiis,
718 512 892 552 multum
915 512 1084 553 latrante
1109 513 1311 567 Lycisca?

307 581 347 614 et
371 589 464 614 cum
488 573 722 613 clamarem:
750 586 857 625 „quo
880 586 990 614 nunc
1014 587 1058 614 se
1079 574 1249 628 proripit
1272 574 1363 616 ille?
1404 594 1409 596 <

309 634 467 688 Tityre,
493 647 593 687 coge
617 646 741 686 pecus
749 634 786 682 3⁶⁶
813 638 857 673 tu
879 639 973 687 post
997 639 1155 675 carecta
1177 634 1345 676 latebas.

305 695 362 735 D.
392 692 464 734 An
487 692 586 733 mihi
609 693 810 734 cantando
833 693 964 734 victus
988 708 1071 735 non
1093 695 1280 736 redderet
1302 695 1383 745 ille,

308 768 430 807 quem
454 767 546 794 mea
569 753 814 795 carminibus
838 754 1053 795 meruisset
1075 754 1229 804 fistula,
1256 757 1446 810 caprum?

309 815 345 856 si
367 814 519 863 nescis,
544 828 660 855 meus
685 814 751 855 ille
776 828 897 868 caper
919 815 1015 856 fuit:
1041 821 1081 856 et
1102 816 1202 856 mihi
1225 817 1390 858 Damon

307 876 396 930 ipse
419 874 641 924 fatebatur3
667 875 740 916 sed
762 876 931 929 reddere
953 890 1075 930 posse
1099 877 1288 931 negabat.

307 936 369 977 M.
396 935 610 977 Cantando
634 941 679 976 tu
701 935 840 976 illum?
863 942 933 977 aut
955 950 1136 989 unquam
1160 937 1234 978 tibi
1256 937 1392 979 fistula
1415 952 1507 979 cera

306 997 444 1037 iuncta
467 996 567 1036 fuit?
590 1010 674 1036 non
696 1002 740 1036 tu
763 996 807 1037 in
829 996 976 1046 triviis,
1001 996 1180 1046 indocte,
1207 998 1365 1039 solebas

309 1057 492 1098 stridenti
515 1057 710 1098 miserum
733 1057 882 1111 stipula
905 1057 1137 1111 disperdere
1161 1060 1347 1100 carmen?

307 1120 364 1161 D.
393 1119 470 1161 Vis
495 1134 610 1174 ergo,
635 1119 740 1160 inter
761 1134 855 1169 nos,
881 1119 980 1172 quid
1002 1120 1132 1174 possit
1154 1126 1341 1174 uterque,
1366 1122 1545 1162 vicissim

310 1181 588 1236 experiamur?
612 1195 689 1236 ego
712 1181 818 1222 hanc
841 1181 1010 1222 vitulam
1034 1206 1088 1212 —
1111 1196 1163 1223 ne
1186 1182 1289 1224 forte
1311 1197 1488 1232 recuseS‚

310 1242 373 1283 bis
397 1242 508 1283 venit
531 1242 583 1282 ad
606 1242 839 1292 mulctram,
865 1242 983 1284 binos
1008 1242 1078 1284 alit
1100 1243 1224 1284 ubere
1249 1243 1356 1285 fetus
1379 1268 1434 1275 —

308 1304 485 1357 depono:
511 1309 555 1343 tu
578 1303 660 1353 dic,
686 1317 848 1344 mecum
871 1318 952 1357 quo
975 1303 1145 1359 pignore
1169 1309 1310 1345 certes.

307 1363 368 1404 M.
398 1364 466 1405 De
490 1378 615 1418 grege
638 1378 719 1405 non
743 1364 875 1405 ausim
898 1364 1116 1418 quicquam
1140 1365 1341 1419 deponere
1365 1371 1517 1406 tecum:

310 1431 372 1465 est
395 1425 495 1465 mihi
517 1439 693 1477 namque
717 1425 827 1466 domi
849 1431 981 1479 pater,
1007 1432 1069 1468 est
1092 1426 1242 1467 iniusta
1264 1441 1456 1468 noverca:

309 1485 455 1539 bisque
480 1486 545 1526 die
569 1492 783 1526 numerant
807 1486 927 1527 ambo
950 1500 1095 1540 pecus,
1122 1487 1222 1527 alter
1245 1493 1284 1527 et
1308 1487 1472 1528 haedos.

308 1561 468 1596 verum,
493 1547 535 1587 id
559 1547 669 1599 quod
692 1546 820 1588 multo
844 1552 929 1587 tute
952 1547 1040 1601 ipse
1064 1547 1244 1588 fatebere
1268 1547 1412 1597 maius,
1439 1572 1492 1577 —

308 1608 485 1648 insanire
508 1607 606 1648 libet
630 1608 821 1660 quoniam
845 1608 918 1649 tibi
942 1633 995 1638 —-
1018 1609 1164 1662 pocula
1186 1623 1336 1662 ponam

309 1669 466 1723 fagina,
491 1667 691 1709 caelatum
714 1668 841 1709 divini
865 1683 967 1723 opus
991 1668 1301 1718 Alcimedontis,

309 1730 418 1770 lenta
440 1729 588 1783 quibus
613 1735 728 1771 torno
751 1729 862 1770 facili
886 1731 1146 1784 superaddita
1168 1731 1261 1772 vitis

309 1791 480 1831 diffusos
503 1790 654 1831 hedera
677 1790 798 1831 vestit
820 1791 996 1844 pallente
1022 1791 1249 1845 corymbos.

310 1851 352 1891 in
376 1851 510 1892 medio
534 1851 616 1892 duo
641 1851 775 1906 signa,
803 1851 965 1901 Conon,
992 1858 1032 1892 et
1055 1852 1146 1905 quis
1170 1853 1248 1892 fuit
1272 1853 1384 1901 alter,

309 1912 524 1966 descripsit
546 1911 660 1952 radio
683 1918 814 1952 totum
837 1912 907 1964 qui
930 1912 1119 1967 gentibus
1144 1913 1296 1961 orbem,

309 1980 492 2027 tempora
515 1986 620 2025 quae
643 1986 817 2021 messor,
843 1986 947 2025 quae
972 1987 1120 2014 curvus
1145 1980 1278 2014 arator
1299 1973 1484 2022 haberet3

308 2034 482 2074 necdum
505 2033 584 2074 illis
607 2032 722 2074 labra
744 2033 924 2083 admovi,
951 2034 1024 2074 sed
1047 2035 1208 2075 condita
1232 2049 1362 2076 servo.

308 2094 364 2134 D.
394 2094 452 2134 Et
474 2093 592 2135 nobis
615 2094 725 2134 idem
748 2093 994 2135 Alcimedon
1017 2095 1097 2136 duo
1121 2095 1268 2149 pocula
1290 2095 1398 2144 fecit,

309 2161 349 2196 ct
371 2155 484 2196 molli
507 2155 659 2196 circum
683 2160 745 2196 est
768 2170 889 2196 ansas
913 2155 1125 2209 amplexus
1150 2156 1334 2205 acantho,

311 2214 559 2270 Orpheaque
582 2216 625 2256 in
648 2216 781 2257 medio
804 2216 940 2270 posuit
965 2217 1168 2270 silvasque
1194 2218 1413 2270 sequentis.

308 2277 483 2317 necdum
506 2276 585 2317 illis
610 2277 725 2318 labra
749 2277 928 2326 admovi,
956 2277 1028 2318 sed
1052 2278 1214 2319 condita
1238 2292 1368 2319 servo.

310 2338 345 2378 si
369 2337 421 2378 ad
444 2337 613 2378 vitulam
639 2343 815 2391 spectas,
841 2337 940 2378 nihil
966 2344 1045 2387 est,
1071 2339 1181 2391 quod
1203 2338 1352 2393 pocula
1375 2339 1529 2379 laudes.

308 2398 370 2439 M.
401 2398 620 2451 Nunquam
642 2398 762 2440 hodie
787 2398 979 2454 effugies:
1007 2399 1187 2449 veniam,
1212 2413 1454 2453 quocunque
1477 2400 1644 2440 vocaris.

309 2459 447 2500 audiat
469 2459 570 2500 haec
594 2466 768 2509 tantum,
793 2460 858 2500 vel
882 2460 953 2513 qui
974 2460 1102 2510 venit,
1129 2475 1241 2510 ecce,
1265 2460 1499 2501 Palaemon.

309 2520 485 2561 efficiam
507 2526 601 2575 post
623 2521 718 2570 hac,
743 2535 794 2562 ne
818 2535 1064 2574 quemquam
1086 2535 1187 2562 voce
1210 2521 1399 2562 lacessas.

308 2579 364 2620 D.
396 2580 508 2632 Quin
531 2596 624 2636 age,
651 2582 785 2635 siquid
808 2581 952 2631 habes,
977 2582 1020 2622 in
1042 2596 1107 2623 me
1132 2596 1244 2623 mora
1266 2596 1348 2622 non
1371 2581 1444 2621 erit
1467 2580 1560 2629 ulla,

309 2655 384 2681 nec
407 2655 653 2694 quemquam
677 2643 810 2698 fugio:
835 2648 1010 2692 tantum,
1034 2643 1165 2684 vicine
1188 2642 1422 2690 Palaemon,

311 2701 498 2742 sensibus
522 2702 622 2742 haec
645 2703 756 2752 imis,
780 2719 846 2745 res
871 2709 932 2745 est
955 2718 1036 2745 non
1058 2718 1201 2758 parva,
1227 2717 1410 2757 reponas.
