1734 3074
619 272 890 312 BUCOLICA.
1411 264 1438 305 9

70 381 119 423 P.
149 380 308 430 Dicite,
333 379 671 434 quandoquidem
694 379 737 420 in
761 378 875 420 molli
899 378 1162 420 consedimus
1187 377 1327 419 herba.

71 450 112 485 et
135 457 247 485 nunc
271 442 406 484 omnis
431 457 550 498 ager,
574 456 686 483 nunc
710 441 844 483 omnis
867 440 1043 496 parturit
1066 439 1203 490 arbos,

71 520 180 547 nunc
203 505 396 547 frondent
421 505 569 554 silvae,
593 518 704 546 nunc
728 503 1054 546 formosissimus
1079 518 1225 545 annus.

70 568 223 624 incipe,
248 568 477 618 Damoeta3
503 573 549 609 tu
572 567 723 609 deinde
748 581 941 620 sequere,
966 565 1174 608 Menalca.

71 630 238 672 alternis
263 630 427 672 dicetis:
452 636 593 672 amant
616 629 773 671 alterna
798 628 1021 671 Camenae.

129 692 188 735 D.
218 692 290 734 Ab
314 692 415 734 Iove
438 692 686 747 principium
708 691 880 733 Musae:
904 690 1020 733 Iovis
1045 691 1184 732 omnia
1207 691 1347 746 plena3

70 754 139 796 ille
164 754 260 797 colit
284 764 433 805 terras,
458 755 518 795 illi
540 769 635 795 mea
658 753 841 795 carmina
865 767 1000 794 curae.

71 816 134 858 M.
163 817 223 859 Et
245 832 312 858 me
334 816 534 858 Phoebus
559 821 690 858 amat:
716 814 892 857 Phoebo
917 830 994 857 sua
1018 829 1181 870 semper
1203 816 1315 870 apud
1339 831 1405 858 me

70 894 243 921 munera
267 884 380 929 sunt,
405 878 511 920 lauri
535 884 576 921 et
600 892 728 920 suave
751 876 906 919 rubens
930 877 1192 932 hyacinthus.

69 941 126 983 D.
157 941 275 983 Malo
298 956 366 983 me
391 939 568 983 Galatea
589 940 693 996 petit
715 940 873 982 lasciva
894 939 1046 995 puella,

0 1030 4 1035 >
70 1011 112 1046 et
134 1003 243 1060 fugit
266 1004 320 1045 ad
345 1003 511 1054 salices,
538 1009 579 1045 et
603 1018 648 1045 se
672 1003 786 1058 cupit
810 1008 904 1044 ante
929 1002 1073 1044 videri.

0 1103 4 1106 .
70 1065 133 1108 Μ.
163 1066 226 1108 At
248 1066 350 1108 mihi
375 1081 467 1108 sese
491 1066 613 1108 offert
635 1066 743 1108 ultro
766 1080 885 1108 meus
909 1065 1019 1121 ignis
1043 1064 1267 1121 Amyntas,

71 1129 205 1171 notior
227 1134 274 1170 ut
295 1129 380 1171 iam
404 1129 458 1171 sit
481 1128 654 1171 canibus
678 1143 764 1170 non
786 1127 914 1170 Delia
935 1127 1102 1170 nostris.

69 1191 128 1233 D.
158 1190 286 1233 Parta
309 1206 426 1233 meae
450 1191 606 1234 Veneri
630 1197 726 1233 sunt
749 1205 940 1232 munera:
964 1204 1145 1245 namque
1168 1191 1309 1232 notavi

69 1254 159 1308 ipse
182 1253 338 1304 locum,
364 1254 499 1296 aeriae
522 1268 605 1308 quo
629 1268 877 1310 congessere
899 1252 1131 1309 palumbes.

69 1314 132 1357 M.
166 1315 293 1370 Quod
314 1315 449 1371 potui,
473 1330 603 1371 puero
628 1315 807 1358 silvestri
831 1330 884 1357 ex
906 1315 1054 1357 arbore
1076 1315 1185 1357 lecta

71 1392 198 1420 aurea
221 1378 331 1420 mala
354 1378 499 1420 decem
522 1378 636 1420 misi:
661 1393 752 1420 cras
777 1378 907 1420 altera
929 1378 1102 1419 mittam.
1125 1412 1129 1416 ,

70 1440 127 1482 D.
161 1438 201 1483 Ο
227 1440 417 1494 quotiens
442 1446 484 1482 et
506 1455 614 1495 quae
637 1440 758 1483 nobis
784 1438 962 1483 Galatea
983 1440 1123 1482 locuta
1146 1439 1229 1482 est!

70 1509 230 1558 partem
253 1502 453 1557 aliquam,
478 1503 609 1554 venti,
635 1503 778 1545 divom
799 1502 988 1545 referatis
1013 1503 1067 1544 ad
1090 1501 1220 1544 aurisl

69 1564 132 1606 M.
159 1563 274 1618 Quid
284 1565 466 1620 prodest,
486 1565 599 1619 quod
611 1579 678 1607 me
690 1565 780 1621 ipse
794 1564 932 1607 animo
945 1579 1030 1606 non
1043 1565 1216 1620 spernis,
1238 1563 1438 1620 Amynta,

71 1628 125 1677 si,
150 1627 250 1669 dum
274 1634 319 1669 tu
344 1628 513 1670 sectaris
539 1643 682 1683 apros,
708 1642 788 1684 ego
811 1628 915 1669 retia
939 1627 1085 1670 servo?

69 1690 126 1731 D.
157 1689 353 1744 Phyllida
375 1690 492 1732 mitte
516 1690 636 1732 mihi:
661 1705 780 1732 meus
806 1695 870 1732 est
892 1689 1061 1739 natalis,
1086 1689 1209 1731 Iolla:

72 1767 167 1794 cum
191 1751 344 1793 faciam
367 1752 498 1793 vitula
519 1767 595 1807 pro
619 1751 831 1808 frugibus,
856 1751 947 1807 ipse
971 1751 1123 1792 venito.

69 1813 131 1855 M.
161 1813 358 1869 Phyllida
381 1828 475 1855 amo
500 1820 595 1856 ante
619 1814 740 1864 alias3
765 1829 862 1855 nam
886 1828 954 1855 me
978 1813 1191 1855 discedere
1216 1813 1341 1864 flevit,

71 1882 111 1917 et
134 1875 305 1931 longum
332 1875 540 1927 „formose
565 1875 674 1926 vale,
700 1875 818 1917 vale“
844 1875 978 1929 inquit
1004 1874 1175 1927 „Iolla.“

69 1937 126 1979 D.
159 1937 295 1979 Triste
319 1937 443 1993 lupus
468 1937 661 1988 stabulis,
687 1937 858 1979 maturis
883 1937 1075 1993 frugibus
1099 1937 1267 1988 imbres,

70 1999 285 2042 arboribus
309 1999 440 2050 venti,
465 1999 586 2042 nobis
610 1999 884 2055 Amaryllidis
909 1999 1006 2041 irae.

70 2061 133 2104 M.
162 2062 301 2104 Dulce
327 2063 427 2105 satis
452 2062 619 2114 humor,
645 2063 830 2119 depulsis
856 2062 1028 2105 arbutus
1052 2063 1210 2114 haedis,

69 2125 181 2167 lenta
205 2125 310 2166 salix
332 2124 418 2167 feto
442 2125 600 2181 pecori,
625 2126 728 2167 mihi
752 2125 866 2167 solus
890 2124 1113 2181 Amyntas.

69 2187 127 2229 D.
156 2186 277 2229 Polio
302 2193 414 2229 amat
436 2192 639 2238 nostram,
664 2188 856 2242 quamvis
882 2188 935 2230 sit
957 2189 1131 2239 rustica,
1157 2188 1347 2230 Musam:

70 2249 278 2300 Pierides,
303 2250 476 2292 vitulam
499 2251 643 2293 lectori
665 2252 823 2307 pascite
847 2258 999 2294 vestro.

71 2311 134 2353 M.
159 2311 279 2353 Polio
304 2318 345 2353 et
367 2312 458 2367 ipse
481 2312 582 2354 facit
605 2328 715 2356 nova
738 2315 940 2356 carmina:
964 2314 1123 2370 pascite
1148 2320 1325 2365 taurum,

71 2374 154 2415 iam
178 2388 306 2415 cornu
328 2380 443 2428 petat
465 2380 506 2415 et
528 2374 705 2429 pedibus
729 2377 802 2430 qui
826 2383 996 2432 spargat
1018 2391 1198 2418 arenam.

71 2436 127 2477 D.
160 2435 246 2488 Qui
271 2442 330 2485 te,
356 2434 496 2486 Polio,
522 2443 645 2486 amat,
671 2438 822 2488 veniat,
847 2453 930 2492 quo
954 2444 995 2479 te
1020 2453 1186 2492 quoque
1210 2439 1363 2494 gaudet
1372 2455 1383 2489 ;

71 2497 194 2539 mella
216 2497 347 2539 fluant
369 2497 447 2548 illi,
472 2497 579 2539 ferat
602 2503 644 2539 et
665 2498 795 2541 rubus
820 2514 943 2555 asper
966 2515 1188 2542 amomum.

71 2559 133 2601 M.
165 2559 251 2614 Qui
274 2560 453 2601 Bavium
478 2575 563 2602 non
587 2561 691 2611 odit,
717 2568 827 2603 amet
850 2568 922 2603 tua
945 2562 1144 2613 carmina,
1169 2562 1325 2613 Maevi,

73 2627 195 2676 atque
218 2622 329 2663 idem
352 2622 500 2678 iungat
522 2623 668 2678 vulpes
694 2629 735 2664 et
758 2624 942 2680 mulgeat
964 2624 1115 2667 hircos.

73 2683 129 2725 D.
161 2683 247 2737 Qui
269 2684 408 2740 legitis
433 2685 556 2727 fiores
581 2691 622 2726 et
646 2685 762 2727 humi
786 2687 1000 2729 nascentia
1023 2687 1155 2743 fraga,

73 2745 266 2801 frigidus,
293 2761 318 2788 o
342 2747 476 2802 pueri,
502 2747 635 2803 fugite
658 2747 773 2799 hinc,
798 2749 898 2791 latet
922 2750 1070 2806 anguis
1094 2751 1139 2791 in
1162 2749 1302 2793 herba.

1464 392 1506 422 55>

1459 702 1502 733 60

1467 1018 1509 1048 65

1467 1330 1508 1360 70

1467 1643 1507 1672 75

1466 1954 1509 1985 80

1467 2266 1509 2297 85

1466 2579 1509 2610 90
