1734 3074
655 282 867 310 PRAEFATIO
1356 277 1386 306 X
1391 278 1422 307 X
1428 278 1443 306 1

82 394 195 419 more.
234 380 400 419 Vitanda
413 383 494 416 erat
506 378 723 425 tautologia.
739 379 753 426 Ι]
774 379 849 414 119.
863 379 957 414 Post
968 377 1069 413 hunc
1081 388 1231 413 versum
1245 377 1353 413 omisi
1365 377 1446 413 illa-

15 438 17 442 '
83 439 159 469 tum
172 445 217 469 ex
230 432 279 477 X,
293 431 361 467 223
373 431 491 467 hunc:
505 436 586 478 quot
593 431 696 477 prius
708 436 849 466 aeratae
860 435 1022 465 steterant
1034 430 1081 464 ad
1094 429 1197 463 litora
1205 440 1354 475 prorae,
1368 438 1444 474 quo

82 489 212 521 carent
224 483 308 519 libri
328 482 470 528 optimi.
486 482 499 529 ΙΙ
518 482 595 517 139.
614 493 706 516 nunc
723 491 791 527 pro
805 493 874 516 non
893 479 1108 526 scripsimus
1122 490 1167 515 ex
1185 491 1262 515 una
1279 478 1445 515 editione

10 526 13 566 s
82 537 239 580 Veneta,
255 546 366 581 quam
375 532 572 569 lectionem
579 532 711 568 merito
720 532 883 578 probant
891 531 1148 576 Marklandus,
1161 531 1445 576 Peerlkampus,

80 586 296 633 Handiusfl
316 585 391 620 149.
417 584 455 620 in
478 587 619 620 textum
637 583 824 619 revocavi.
871 583 957 619 Vid.
977 583 1245 618 Lachmannus
1270 583 1319 618 ad
1338 582 1445 617 Lucr.

80 650 117 684 p.
128 637 206 673 328.
222 637 236 684 ΙΙ
254 637 330 671 159.
350 634 493 685 Rutulo]
513 634 655 670 Rutuli.
677 635 691 682 ΙΙ
714 634 792 670 241.
811 632 924 682 fallet]
948 633 1058 669 fallit.
1075 636 1089 681 ss
1106 633 1183 668 272.
1208 632 1305 682 quos]
1331 633 1445 679 quod.

81 689 176 724 Nam
201 699 278 723 non
302 698 448 722 omnem
473 697 643 732 campum
669 697 775 720 suum
806 686 961 720 daturus
993 684 1146 731 fingitur
1169 684 1347 730 Latinus,
1379 684 1446 718 sed

81 742 226 785 partem
238 737 337 783 eius,
362 748 472 784 quem
492 736 642 772 omnino
656 735 819 782 opimum
837 735 955 771 fuisse
969 736 1149 771 credibile
1169 739 1239 771 est.
1285 734 1343 770 Ex
1355 735 1447 770 dabit

80 789 322 835 repetendum
335 789 468 823 accedet
482 787 542 823 vel
556 786 675 823 simile
689 786 791 833 quid.
807 787 821 834 fl
839 786 1026 835 281.haud]
1035 790 1111 822 aut.
1128 788 1141 834 fl
1157 786 1446 823 361.asteriscos

81 840 231 876 removi.
246 841 261 887 fl
277 839 356 874 380.
375 837 590 886 conplebant]
611 837 843 884 conplerant.
865 838 879 885 Ι]
902 837 982 873 410.
1001 837 1149 887 adversi]
1169 837 1303 873 aversi.
1349 838 1447 873 Nam

81 898 213 937 terqvtm
233 893 377 925 scutum
397 894 472 934 est,
497 888 537 923 id
557 889 660 935 quod
673 899 719 924 ex
732 887 816 934 ipso
836 889 976 923 adversi
989 888 1231 935 intelligitur,
1256 892 1297 924 et
1315 889 1447 924 eadem

83 941 356 990 significatione
375 941 540 987 positum
560 943 619 976 est
636 939 686 986 X,
707 939 784 975 717.
800 940 813 987 ss
830 939 910 976 398.
927 938 1049 989 hostes]
1068 950 1190 976 enses.
1206 941 1221 987 fl
1238 940 1317 974 416.
1336 939 1373 989 it]
1393 939 1446 974 iit.

81 994 166 1032 vid.
185 993 450 1029 Lachmannus
475 991 524 1027 ad
541 991 654 1026 Lucr.
672 1002 710 1037 p.
728 990 807 1026 209.
822 991 837 1038 ss
852 989 933 1026 454.
953 992 1060 1038 pleno
1083 989 1286 1039 spumantis]
1310 991 1451 1036 plenos

81 1044 278 1092 spumanti.
299 1044 313 1091 ΙΙ
334 1042 414 1078 483.
433 1041 527 1091 data]
547 1042 647 1077 date.
662 1042 677 1089 ΙΙ
692 1040 773 1077 524.
794 1041 886 1091 tunc]
904 1045 994 1077 tum.
1010 1042 1024 1089 ΙΙ
1042 1041 1121 1077 526.
1141 1041 1341 1078 Omisimus
1361 1052 1446 1076 cum

81 1095 185 1131 libris
210 1094 360 1141 optimis
383 1097 473 1140 post
495 1093 596 1128 hunc
614 1103 763 1128 versum
781 1092 926 1128 illatum
945 1104 991 1129 ex
1011 1093 1097 1138 VII,
1113 1092 1181 1128 645
1199 1099 1231 1128 et
1249 1093 1446 1128 meministis

80 1147 185 1189 enim,
204 1147 318 1189 divae,
335 1151 366 1180 et
379 1154 570 1180 memorare
576 1144 730 1190 potestis.
746 1144 760 1191 ss
778 1143 856 1179 582.
868 1142 1013 1193 Palicis]
1027 1143 1160 1179 Palici.
1207 1143 1341 1178 Illude
1357 1154 1444 1178 con-

80 1197 221 1234 iectura
233 1208 256 1233 a
267 1195 458 1232 Ladevico
471 1199 642 1241 recepta:
665 1206 737 1231 nec
749 1195 951 1242 adgnoscit
964 1194 1116 1231 Servius
1136 1195 1365 1241 singularem
1378 1207 1444 1231 nu-

81 1259 231 1284 merum.
247 1247 262 1295 ss
278 1246 355 1282 643.
367 1244 495 1296 forma]
508 1246 676 1282 formam.
693 1247 707 1294 ΙΙ
725 1245 802 1282 664.
816 1248 864 1282 ad
873 1245 1018 1296 [lictum]
1033 1245 1148 1282 flictu.
1164 1247 1177 1294 fl
1196 1246 1275 1281 676.
1297 1246 1445 1292 Liquen-

81 1297 140 1347 tia]
164 1297 357 1344 liquentia.
416 1296 527 1340 Quod
550 1297 758 1343 epithetom
781 1297 873 1333 satis
898 1297 1058 1333 otiosum
1084 1309 1107 1333 a
1131 1297 1264 1343 rapido
1289 1297 1444 1333 Athesis

83 1360 194 1384 cursu
205 1348 366 1384 alienum
378 1347 537 1383 videtur.
572 1348 623 1384 Et
635 1347 785 1384 Servius
798 1348 998 1384 manifesto
1012 1348 1192 1395 intelligit
1203 1348 1446 1396 Liquentiam

81 1399 251 1445 fluvium,
275 1410 298 1434 a
315 1398 439 1435 Plinio
452 1399 501 1435 H.
514 1399 560 1436 N.
573 1399 643 1445 111,
658 1399 712 1435 18.
731 1404 1057 1435 commemoratum
1067 1427 1076 1445 ‚
1101 1411 1171 1435 nec
1190 1399 1318 1446 inepte
1331 1401 1368 1435 h.
1382 1400 1406 1435 1.
1421 1412 1444 1436 a

80 1450 248 1497 Vergilio
268 1449 495 1495 adhibitum,
521 1461 634 1497 quum
653 1451 700 1486 de
718 1451 997 1497 pulchritudine
1022 1452 1198 1487 arborum
1218 1451 1319 1487 cirea
1342 1451 1445 1487 hunc

80 1505 239 1536 tractum
253 1500 355 1535 sinus
367 1500 576 1536 Hadriatici
595 1512 715 1537 sermo
730 1501 789 1536 sit.
837 1501 942 1544 Quae
956 1502 1112 1538 arbores
1131 1503 1295 1538 fortasse
1312 1503 1443 1548 paullo

80 1555 167 1598 post
179 1550 383 1587 exstinctae
397 1555 502 1597 sunt,
528 1563 639 1598 quam
656 1553 818 1587 umbrosa
831 1555 1028 1597 cacumina,
1051 1555 1142 1600 fayi,
1166 1553 1443 1600 frangerentur.

81 1601 139 1637 Cf.
150 1601 194 1636 B.
207 1601 333 1647 vnn,
346 1602 379 1637 9.
414 1601 476 1638 Ad
488 1602 645 1639 formam
659 1603 761 1649 quod
773 1603 924 1650 attinet,
946 1604 1077 1640 confer
1088 1606 1223 1650 Alphea
1235 1605 1383 1651 flumina
1398 1605 1444 1640 Gr.

80 1652 150 1697 ΙΙΙ,
163 1652 230 1688 180
243 1656 282 1688 et
296 1653 464 1688 Caeratea
473 1654 622 1701 flumina
635 1653 689 1689 Ci.
709 1654 786 1689 113.
808 1655 821 1701 Η
847 1655 924 1690 681.
943 1654 1148 1704 Aquiculus]
1168 1654 1391 1700 Aquioolus.
1413 1656 1427 1701 l]

80 1703 158 1739 682.
170 1702 309 1752 Marus]
323 1703 495 1739 Tmarus.
510 1704 524 1751 u
542 1704 620 1740 720.
634 1703 721 1754 quis]
736 1705 810 1751 qui.
827 1706 841 1752 [Ι
860 1706 937 1740 721.
950 1704 1091 1755 mayna]
1104 1707 1232 1742 multa.

148 1753 235 1790 Lib.
259 1753 309 1800 X,
333 1753 388 1790 24.
413 1753 603 1804 murorum]
627 1766 849 1791 moerorum.
872 1756 885 1803 ΙΙ
909 1755 1007 1792 Ibid.
1035 1756 1162 1806 fossas]
1188 1757 1328 1793 fossae.
1350 1758 1364 1804 fl
1387 1757 1444 1792 28.

80 1803 208 1853 surqet}
234 1804 364 1851 surgit.
379 1805 393 1852 ss
411 1805 467 1840 67.
479 1807 576 1852 petiit
592 1804 688 1855 salis]
712 1806 801 1842 fatis
824 1806 945 1853 petiit.
994 1807 1105 1850 Quod
1124 1809 1246 1843 minus
1267 1809 1446 1844 convenit

80 1855 235 1891 Iunonis
252 1856 379 1892 menti.
395 1857 408 1903 ΙΙ
425 1856 480 1892 83.
500 1856 640 1906 classes]
660 1858 830 1894 classem.
846 1859 860 1906 ss
879 1859 956 1894 123.
976 1859 1186 1908 Inbrasitles]
1199 1859 1443 1895 Imbrasides.

96 1905 111 1953 fl
126 1906 204 1942 138.
216 1906 390 1956 subnectit]
405 1907 642 1944 subnectens.
658 1909 673 1956 fl
691 1908 769 1944 142.
781 1909 1027 1959 Pactolusque]
1041 1910 1307 1958 Pactolosque.
1355 1911 1442 1948 Vid.

80 1958 110 2001 §-
119 1957 151 1992 7.
166 1957 181 2004 ΙΙ
199 1956 276 1994 150.
285 1959 430 2005 quidque
430 1965 537 2004 petat,
546 1959 843 2009 quidque—ferat]
853 1961 989 2007 quidve
997 1965 1116 2007 petat,
1132 1962 1268 2009 quidve
1276 1962 1439 1998 -ferat.

81 2007 191 2050 Quod
208 2007 348 2044 frustra
365 2009 461 2045 tueri
485 2011 647 2046 student.
664 2011 678 2058 fl
696 2011 773 2046 179.
792 2012 928 2058 Alphea
946 2011 1000 2061 ab]
1019 2012 1192 2058 Alpheae
1212 2013 1273 2048 ab.
1320 2014 1443 2049 Lach—

81 2070 237 2094 mannus
257 2059 306 2095 ad
317 2059 429 2096 Lucr.
447 2072 485 2106 p.
499 2061 577 2096 160.
597 2061 717 2097 eiecto
737 2063 782 2097 ab
798 2062 902 2098 hiare
921 2064 1003 2098 vult
1019 2067 1183 2110 poetam.
1200 2064 1213 2111 fl
1231 2064 1310 2099 277.
1330 2064 1443 2110 Igno—

80 2113 165 2144 rant
176 2109 262 2145 libri
275 2110 405 2156 optimi
423 2122 570 2147 versum
587 2112 788 2158 posthunc
805 2113 951 2149 illatum
971 2125 1016 2150 ex
1027 2114 1155 2161 VIIII,
1170 2115 1237 2150 125
1254 2118 1348 2151 ultro
1368 2117 1443 2150 ani-

80 2172 152 2196 mos
170 2163 258 2201 tollit
276 2164 373 2198 dictas
390 2169 492 2210 atque
511 2165 665 2210 increpat
683 2167 788 2200 ultro.
811 2165 824 2212 Ι]
848 2166 926 2201 279.
946 2165 1040 2215 viris]
1061 2166 1139 2201 viri.
1155 2168 1170 2214 1]
1187 2167 1266 2202 292.
1279 2166 1442 2216 proram]

79 2222 222 2257 proras.
238 2213 252 2260 ss
268 2212 348 2248 320.
373 2212 461 2263 cum]
487 2215 586 2249 dam.
601 2216 615 2262 fl
633 2215 711 2251 387.
729 2216 916 2265 Sthenium]
937 2217 1167 2253 Sthenelum.
1184 2219 1198 2265 Η
1214 2217 1294 2253 431.
1314 2219 1442 2253 adden-

79 2261 170 2311 sant]
183 2263 404 2300 addensent.
419 2265 434 2312 ΙΙ
449 2264 529 2301 474.
542 2265 668 2316 diripit]
689 2267 834 2312 deripit.
851 2267 865 2315 fl
882 2267 960 2303 476.
979 2275 1029 2304 est
1049 2269 1188 2304 addidi.
1204 2269 1219 2317 fl
1235 2269 1316 2305 482.
1330 2268 1442 2318 quem]

83 2323 177 2347 eum.
193 2313 207 2359 [Ι
223 2313 302 2349 483.
315 2316 428 2361 cuspis
445 2316 602 2366 medium]
614 2317 777 2353 medium
797 2319 933 2365 cuspis.
949 2319 963 2367 fl
980 2319 1059 2355 557.
1072 2319 1175 2369 humi]
1189 2320 1314 2356 humo.
1331 2321 1344 2368 l]
1361 2320 1442 2356 584.

83 2363 281 2399 asteriscos
304 2365 486 2414 removi]
510 2367 589 2403 600.
609 2368 758 2417 penitus]
781 2374 927 2415 pectus.
980 2371 1080 2407 Illud
1099 2383 1120 2407 e
1138 2372 1183 2407 F.
1202 2371 1334 2407 Iacobi
1355 2383 1442 2407 con-

82 2412 224 2449 iectura
237 2414 285 2450 ab
298 2414 382 2461 ipso
391 2414 520 2452 Servio
533 2421 683 2454 testata.
699 2420 714 2467 fl
731 2420 809 2455 611.
822 2421 928 2470 iussa]
942 2422 1054 2457 dicta.
1072 2423 1086 2469 ΙΙ
1103 2423 1172 2458 660
1179 2434 1261 2469 sqq.
1275 2427 1442 2458 veterem

82 2464 250 2500 ordinem
270 2477 443 2501 versuum
460 2468 622 2503 restitui:
647 2474 729 2505 erat
746 2470 824 2506 662.
844 2471 899 2506 63.
913 2473 968 2508 60.
982 2473 1037 2508 61.
1053 2473 1067 2520 u
1085 2473 1162 2508 680.
1182 2472 1351 2521 mucroni]
1365 2485 1441 2507 mu-

81 2524 205 2550 crone.
253 2514 308 2551 Cf.
322 2518 409 2552 sorti
421 2517 466 2553 G.
480 2517 547 2563 IV,
561 2518 638 2554 165.
654 2520 668 2567 ss
685 2520 762 2556 685.
775 2521 893 2571 animi]
906 2522 1042 2558 animo.
1086 2522 1143 2558 cf.
1154 2522 1222 2568 VI,
1236 2523 1314 2558 332.
1331 2525 1344 2570 fl
1364 2524 1439 2559 704.

81 2565 201 2600 Parim
220 2565 325 2616 creat]
337 2567 480 2603 Parim:
505 2569 623 2604 Paris.
672 2570 775 2613 Quae
789 2576 848 2607 est
865 2573 1080 2610 coniectura
1090 2573 1252 2610 Bentleii
1265 2574 1366 2610 haud
1378 2587 1441 2610 ue-

82 2617 256 2663 cessaria,
272 2630 384 2665 quum
393 2620 601 2656 subiectum
608 2622 647 2657 in
654 2624 795 2658 occubat
802 2623 913 2660 facile
921 2625 1164 2672 intelligatur.
1190 2625 1308 2661 Codd.
1315 2627 1439 2662 Parin.

95 2668 108 2714 ΙΙ
127 2668 193 2703 713
207 2680 288 2716 sqq.
303 2670 471 2706 ordinem
489 2683 680 2718 versuum,
697 2674 819 2720 qualis
831 2674 870 2710 in
883 2675 988 2711 libris
1002 2681 1077 2722 est,
1090 2676 1254 2713 restitui:
1267 2681 1349 2713 erat
1362 2678 1438 2712 716.

83 2718 136 2753 17.
150 2718 204 2754 13.
218 2719 272 2755 14.
285 2720 399 2756 15.Cf.
412 2721 539 2768 VIIII,
547 2723 625 2759 410.
640 2725 656 2772 fl
674 2724 750 2760 784.
761 2725 896 2775 transit]
915 2727 1072 2763 transiit.
1098 2726 1154 2764 Cf.
1172 2728 1439 2764 Lachmannus

82 2768 371 2816 ad1.uer.p.209.
387 2772 401 2819 fl
418 2773 496 2808 800.
506 2775 788 2825 pet-turbantque]
795 2778 1104 2825 proturbantque.
1121 2779 1134 2826 ΙΙ
1151 2779 1228 2815 804.
1238 2778 1324 2828 arte]
1340 2791 1449 2831 aree..
