1820 3054
311 507 374 538 535

308 809 372 839 540

307 1115 370 1144 545

307 1417 371 1448 550

305 1722 368 1751 555

304 2025 368 2055 560

304 2329 367 2359 565

304 2631 368 2662 570

401 263 482 304 336
799 269 841 302 Ρ.
861 266 1090 303 VERGILII
1109 264 1334 302 MARONIS

398 372 635 427 provolvere
658 378 788 417 rotae,
814 367 954 408 crebro
980 381 1102 422 super
1125 366 1280 422 ungula
1301 366 1425 422 pulsu

397 432 521 473 incita
543 444 618 471 nec
642 428 796 470 domini
818 442 1044 468 memorum
1067 427 1276 482 proculcat
1298 441 1504 481 equorum.

397 493 465 534 ille
487 490 621 532 ruenti
644 489 771 544 Hyllo
796 487 1022 541 animisque
1046 487 1208 528 inmane
1231 487 1419 529 frementi

397 551 589 601 occurrit,
615 550 820 603 telumque
844 554 986 590 aurata
1008 549 1062 589 ad
1085 554 1267 603 tempora
1290 554 1467 603 torquet:

397 613 466 654 olli
488 626 562 667 per
583 611 745 667 galeam
768 610 850 651 fixo
876 609 986 651 stetit
1008 609 1128 651 hasta
1150 609 1327 651 cerebro.

396 675 563 715 dextera
585 686 661 713 nec
684 677 755 712 tua
778 677 835 720 te,
862 669 1034 712 Graium
1058 670 1296 720 fortissime,
1324 669 1516 720 Cretheu,

396 734 543 790 eripuit
566 733 726 783 Turno,
751 746 827 773 nec
851 731 893 772 di
916 737 1053 772 texere
1080 730 1333 786 Cupencum,

394 795 541 836 Aenea
563 794 770 843 veniente,
797 793 878 843 sui3
904 792 1015 833 dedit
1038 792 1159 834 obvia
1183 792 1290 833 ferro

393 862 576 912 pectora,
601 870 676 896 nec
699 854 848 896 misero
872 854 992 908 clipei
1014 868 1127 895 mora
1150 853 1303 908 profuit
1326 854 1444 895 aerei.

395 925 434 959 te
459 931 621 971 quoque
644 917 877 958 Laurentes
902 915 1108 965 viderunt,
1133 914 1282 964 Aeole,
1309 915 1441 970 campi

395 984 587 1033 oppetere
611 983 651 1019 et
673 977 754 1018 late
779 982 926 1017 terram
952 981 1209 1017 consternere
1233 981 1366 1031 tergo3

395 1040 566 1089 occidis,
590 1038 774 1094 Argivae
797 1052 919 1091 quem
942 1052 1024 1078 non
1046 1043 1213 1091 potuere
1236 1036 1460 1091 phalanges

396 1107 592 1149 sternere,
618 1113 694 1140 nec
715 1098 871 1139 Priami
894 1113 1111 1153 regnorum
1135 1112 1299 1139 eversor
1322 1096 1525 1146 Achilles3

394 1161 461 1202 hic
483 1160 558 1202 tibi
580 1160 721 1201 mortis
746 1165 859 1200 erant
883 1166 1033 1208 metae,
1059 1159 1204 1199 domus
1229 1158 1311 1199 alta
1335 1159 1411 1200 sub
1435 1159 1523 1206 Ida„

393 1221 575 1276 Lyrnesi
598 1221 743 1262 domus
769 1220 867 1269 alta,
895 1219 980 1260 solo
1004 1220 1212 1261 Laurente
1237 1219 1509 1273 sepulchrum.

393 1288 501 1323 totae
525 1282 627 1323 adeo
652 1294 872 1322 conversae
897 1279 1024 1328 acies,
1051 1293 1272 1332 omnesque
1294 1279 1448 1329 Latini,

394 1357 536 1384 omnes
559 1341 841 1390 Dardanidae,
866 1340 1109 1381 Mnestheus
1134 1354 1306 1393 acerque
1333 1339 1521 1382 Serestus

394 1410 435 1446 et
456 1403 678 1457 Messapus
704 1416 854 1455 equum
878 1401 1052 1442 domitor
1075 1406 1114 1442 et
1137 1401 1253 1442 fortis
1277 1400 1431 1451 Asilas,

395 1464 706 1516 Tuscorumque
728 1461 910 1517 phalanx
931 1461 1197 1515 Euandrique
1219 1461 1405 1503 Arcades
1431 1462 1531 1511 alae,

391 1541 466 1581 pro
491 1540 535 1567 se
559 1525 732 1579 quisque
756 1523 833 1564 viri
857 1538 1017 1564 summa
1039 1524 1222 1564 nituntur
1246 1538 1370 1578 opum
1393 1524 1435 1564 vi
1443 1539 1454 1573 3

393 1601 469 1628 nec
493 1600 625 1636 mora,
650 1599 726 1626 nec
750 1584 910 1638 requies
918 1601 930 1635 ;
957 1589 1072 1626 vasto
1097 1584 1314 1626 certamine
1338 1585 1520 1625 tendunt.

449 1647 533 1688 Hic
556 1651 734 1687 mentem
758 1646 926 1687 Aeneae
950 1645 1136 1701 genetrix
1158 1645 1429 1700 pulcherrima
1453 1645 1574 1693 misit,

392 1707 468 1749 iret
491 1713 536 1748 ut
559 1707 612 1748 ad
635 1721 792 1756 muros,
816 1706 988 1760 urbique
1013 1707 1240 1747 adverteret
1263 1720 1412 1762 agmen

393 1769 506 1810 ocius
531 1773 572 1809 et
595 1767 730 1809 subita
753 1766 933 1808 turbaret
957 1767 1070 1808 clade
1094 1767 1281 1808 Latinos.

390 1830 477 1879 ille,
501 1834 548 1870 ut
569 1829 777 1884 vestigans
802 1828 964 1869 diversa
985 1843 1059 1883 per
1081 1829 1246 1883 agmina
1269 1828 1455 1869 Turnum

391 1889 473 1931 huc
496 1895 617 1943 atque
640 1889 722 1930 huc
744 1888 851 1929 acies
877 1888 1139 1938 circumtulit,
1165 1889 1310 1943 aspicit
1333 1888 1476 1930 urbem

391 1950 602 1991 inmunem
625 1949 726 1990 tanti
750 1949 845 1990 belli
867 1955 988 2002 atque
1011 1949 1162 2003 inpune
1187 1950 1377 2002 quietam.

393 2011 584 2052 continuo
606 2024 770 2065 pugnae
795 2010 979 2050 accendit
1000 2010 1164 2051 maioris
1189 2009 1325 2065 imago
1332 2025 1344 2059 ;

391 2071 612 2113 Mnesthea
638 2069 958 2126 Sergestumque
982 2076 1101 2111 vocat
1124 2070 1351 2124 fortemque
1377 2068 1587 2111 Serestum

392 2133 599 2182 ductores,
625 2130 906 2184 tumulumque
930 2130 1054 2186 capit,
1079 2145 1160 2185 quo
1185 2137 1318 2172 cetera
1341 2130 1547 2172 Teucrum

393 2193 595 2235 concurrit
616 2192 744 2248 legio,
769 2206 845 2232 ncc
869 2197 985 2233 scuta
1008 2197 1079 2232 aut
1102 2191 1258 2247 spicula
1281 2191 1398 2233 densi

391 2255 611 2309 deponunt.
636 2253 746 2295 celso
770 2253 928 2294 medius
954 2258 1064 2294 stans
1089 2267 1239 2308 aggere
1263 2252 1389 2294 fatur:

394 2329 470 2366 „ne
494 2329 576 2368 qua
597 2314 700 2355 meis
725 2319 812 2355 esto
837 2313 955 2355 dictis
979 2328 1110 2364 mora3
1134 2313 1319 2368 Iuppiter
1341 2313 1418 2354 hac
1443 2319 1539 2362 stat3

390 2391 472 2417 neu
495 2376 586 2429 quis
610 2375 663 2417 ob
686 2375 894 2429 inceptum
919 2374 1098 2416 subitum
1121 2374 1222 2416 mihi
1246 2374 1409 2429 segnior
1430 2374 1499 2415 ito.

393 2437 534 2479 urbem
557 2436 697 2486 hodie,
723 2451 912 2477 caussam
935 2435 1049 2486 belli,
1073 2450 1202 2491 regna
1223 2436 1315 2490 ipsa
1336 2435 1489 2484 Latini,

390 2498 434 2539 ni
456 2498 617 2538 frenum
640 2497 823 2552 accipere
847 2502 887 2538 et
910 2497 1007 2537 victi
1029 2511 1171 2551 parere
1194 2496 1384 2544 fatentur,

392 2573 531 2599 eruam
555 2564 595 2600 et
618 2572 749 2612 aequa
772 2557 860 2599 solo
883 2557 1083 2599 fumantia
1105 2557 1283 2598 culmina
1304 2572 1465 2611 ponam.

392 2619 545 2660 scilicet
568 2625 819 2673 exspectem,
843 2617 968 2660 libeat
990 2618 1088 2659 dum
1111 2618 1264 2673 proelia
1287 2618 1427 2659 Turno

391 2685 530 2721 nostra
551 2679 654 2733 pati,
679 2693 900 2733 rursusque
923 2679 1021 2720 velit
1045 2693 1281 2721 concurrere
1304 2677 1461 2720 victus?
