1734 3074
0 246 4 284 Ξ

0 286 3 303 ι

0 431 3 542 Ι

620 291 891 331 BUCOLICA.

70 417 139 452 en,
163 415 347 455 unquam
370 399 526 455 patrios
550 397 677 455 longo
699 404 797 455 post
819 404 1005 454 tempore
1027 397 1145 448 fines,

70 463 262 520 pauperis
286 468 327 503 et
350 461 491 518 tuguri
514 466 761 517 congestum
785 460 940 516 cespite
964 459 1141 510 culmen,

0 543 2 555 s
69 532 164 582 post
186 524 360 579 aliquot,
386 538 480 565 mea
502 537 632 579 regna
655 523 821 573 videns,
846 521 1027 564 mirabor
1049 522 1223 564 aristas?

0 571 2 613 }
29 629 34 638 ᾗ
69 587 206 644 inpius
245 586 349 628 haec
373 593 459 627 tam
482 585 594 627 culta
616 584 782 626 novalia
804 584 923 626 miles
946 583 1142 626 habebit?

70 648 270 692 barbarus
294 648 371 690 has
398 647 589 704 segetes?
612 661 683 698 en,
708 661 791 701 quo
815 646 1023 688 discordia
1046 646 1149 688 civis

69 711 265 768 produxit
287 709 482 752 miseros!
506 724 579 760 en,
603 709 696 764 quis
721 709 985 751 consevimus
1010 708 1153 766 agros!

30 815 31 819 ,
70 775 205 816 insere
228 787 358 823 nunc,
382 771 611 821 Meliboee,
635 771 769 826 piros,
793 785 903 827 pone
927 771 1072 813 ordine
1095 771 1205 813 vitis.

72 837 129 878 ite
151 850 288 886 meae,
314 834 415 876 felix
439 833 650 888 quondam
671 847 821 889 pecus,
845 833 902 875 ite
926 833 1122 889 capellae.

70 913 155 940 non
178 912 258 954 ego
282 911 358 939 vos
382 903 478 952 post
499 895 598 946 hac,
622 895 745 937 viridi
766 895 977 951 proiectus
990 896 1045 937 2in
1069 906 1199 946 antro,

72 960 248 1002 dumosa
269 959 451 1015 pendere
473 957 619 1014 procul
642 958 694 1000 de
717 972 822 1014 rupe
843 957 1017 1000 videbo:

2 1016 33 1033 ‘¹⁹'
74 1021 256 1064 carmina
278 1020 393 1063 nulla
415 1035 581 1063 canam:
605 1035 708 1071 non,
733 1035 801 1062 me
823 1026 1041 1076 pascente,
1067 1019 1262 1075 capellae,

73 1084 287 1126 florentem
310 1083 490 1139 cytisum
513 1089 556 1125 et
579 1083 727 1126 salices
751 1083 930 1139 carpetis
954 1097 1131 1125 amaras.

8 1199 13 1203 ψ
74 1147 124 1188 Τ.
154 1146 241 1188 Hic
265 1151 404 1188 tamen
426 1145 534 1194 hanc
558 1159 723 1187 mecum
752 1145 908 1201 poteris
932 1145 1193 1199 requiescere
1217 1150 1384 1186 noctem

6 1228 12 1235 ⁴
40 1239 41 1243 ,
72 1209 218 1252 fronde
242 1223 368 1264 super
388 1208 529 1250 viridi:
555 1215 652 1250 sunt
674 1207 795 1251 nobis
818 1208 936 1250 mitia
958 1222 1095 1263 poma,

2 1276 17 1323 ὁ,
74 1277 290 1313 castaneae
314 1270 459 1312 molles
485 1276 527 1312 et
547 1270 683 1326 pressi
706 1270 828 1326 copia
849 1270 983 1321 lactis,

75 1339 117 1375 et
137 1333 222 1375 iam
245 1348 409 1375 summa
430 1332 575 1388 procul
598 1332 790 1374 villarum
814 1332 996 1375 eulmina
1018 1313 1193 1382 fumant,

9 1403 40 1454 ’.Ἰ
74 1395 333 1450 maioresque
357 1395 510 1437 eadunt
533 1394 626 1438 altis
650 1395 703 1437 de
726 1395 936 1438 montibus
960 1393 1145 1437 umbrae.

728 1578 787 1620 H.

615 1698 899 1737 ALEXIS.

132 1829 381 1872 Formosum
402 1835 546 1886 pastor
570 1828 768 1885 Corydon
791 1829 963 1872 ardebat
985 1830 1169 1881 Alexim,

2 1885 31 1939 ’Ὗς
78 1892 246 1934 delicias
271 1892 445 1943 domini,
470 1906 567 1943 neo,
593 1892 695 1946 quid
718 1898 920 1948 speraret,
944 1892 1138 1935 habebat.

79 1960 239 1996 tantum
262 1954 369 1996 inter
391 1954 562 2004 densas,
587 1953 786 1996 umbrosa
809 1954 1043 2005 cacumina,
1069 1954 1192 2011 fagos

7 2022 10 2051 ῑ
29 2013 35 2046 ἶ
81 2015 255 2058 adsidue
278 2015 482 2058 veniebat.
506 2015 566 2058 ibi
588 2015 692 2058 haec
714 2016 926 2059 incondita
950 2017 1064 2059 solus

8 2074 35 2119 {f
79 2076 288 2120 montibus
312 2083 354 2120 et
376 2077 492 2120 silvis
517 2078 654 2120 studio
677 2077 858 2121 iactabat
880 2079 1012 2121 inani:

6 2142 13 2195 ’ᾗ
38 2139 41 2142 ’
83 2137 124 2182 Ο
149 2139 326 2182 crudelis
349 2138 496 2191 Alexi,
522 2140 625 2182 nihil
647 2155 742 2183 mea
764 2141 948 2183 carmina
970 2142 1117 2184 curas?

81 2200 139 2242 nil
160 2202 291 2244 nostri
313 2202 533 2244 miserere?
554 2202 661 2245 mori
682 2217 751 2246 me
773 2203 952 2258 denique
976 2218 1116 2261 coges.

0 2246 20 2327 ᾗ
42 2284 45 2290 =
82 2277 191 2305 nunc
200 2263 339 2305 ‘etiam
360 2264 543 2319 pecudes
566 2264 735 2307 umbras
760 2271 803 2308 et
824 2266 982 2323 frigora
1004 2272 1190 2322 captant3

5 2325 14 2341 ⁴
36 2328 38 2330 ’
82 2339 192 2367 nunc
214 2325 358 2367 viridis
382 2327 507 2368 etiam
530 2327 739 2369 occultant
762 2328 924 2383 spineta
945 2328 1134 2379 lacertos,

4 2385 36 2432 ξε
85 2385 296 2442 Thestylis
320 2393 362 2429 et
383 2388 528 2443 rapido
550 2388 675 2432 fessis
698 2389 954 2432 messoribus
978 2397 1097 2432 aestu

86 2447 180 2490 allia
203 2449 510 2504 serpullumque
533 2448 684 2492 herbas
707 2452 923 2493 contundit
946 2452 1107 2494 olentis.

3 2521 11 2526 ··
27 2534 46 2555 ς
87 2514 131 2550 at
151 2524 315 2552 mecum
336 2511 493 2561 raucis,
518 2516 590 2552 tua
613 2511 713 2552 dum
734 2512 913 2569 vestigia
935 2513 1079 2563 lustro,

9 2567 19 2618 ξ
42 2602 44 2606 ‚
90 2570 173 2613 sole
197 2571 275 2614 sub
298 2573 459 2615 ardenti
480 2579 676 2615 resonant
700 2573 870 2616 arbusta
892 2574 1060 2616 cicadis.

0 2630 21 2671 ζ.
89 2646 223 2675 nonne
246 2633 326 2676 fuit
349 2635 497 2686 satius,
524 2635 661 2677 tristes
684 2634 957 2691 Amaryllidis
980 2637 1063 2678 iras

51 2728 53 2730 .
92 2699 214 2749 atque
237 2695 417 2751 superba
438 2697 526 2752 pati
548 2697 741 2739 fastidia?
763 2713 901 2741 nonne
923 2697 1173 2740 Menalcan?

42 2759 53 2800 ζ
93 2757 279 2810 quamvis
302 2757 372 2800 ille
394 2758 530 2815 niger,
555 2759 746 2814 quamvis
770 2766 815 2802 tu
840 2760 1040 2803 candidus
1065 2776 1192 2804 esses.

1465 594 1508 624 70

1467 908 1509 938 75

1466 1217 1510 1248 80

1478 2404 1519 2434 10

1478 2716 1518 2746 15
