1820 3080
365 262 447 305 278
766 264 808 297 Ρ.
826 259 1056 299 VERGILII
1074 256 1297 293 MARONIS

365 372 470 413 Tros
494 367 722 410 Rutulusne
746 363 852 411 fuat,
877 360 988 401 nullo
1012 357 1244 400 discrimine
1267 357 1440 406 habebo,

366 445 440 473 seu
461 429 556 470 fatis
579 426 730 468 Italum
754 428 886 464 castra
909 420 1118 462 obsidione
1142 425 1340 468 tenentur,

280 505 343 536 110
367 492 452 533 sive
476 501 609 530 errore
632 485 740 526 malo
764 483 912 525 Troiae
936 480 1181 534 monitisque
1206 479 1391 520 sinistris.

365 565 441 592 nec
462 547 638 591 Rutulos
663 545 791 588 solvo.
817 558 892 586 sua
914 543 1060 596 cuique
1083 555 1230 583 exorsa
1251 539 1434 581 laborem

366 611 651 661 fortunamque
674 606 817 647 ferent.
840 619 914 646 rex
935 603 1121 658 Iuppiter
1144 600 1332 643 omnibus
1355 600 1477 641 idem.

366 671 452 712 fata
473 669 584 711 viam
605 666 850 709 invenient.“
888 663 1024 719 Stygii
1036 678 1109 718 pcr
1120 661 1288 703 flumina
1296 660 1445 710 fratris,

366 745 440 787 per
460 730 551 785 pice
574 734 772 771 torrentes
797 732 963 779 atraque
986 723 1180 780 voragine
1203 723 1313 778 ripas

283 806 344 836 115
368 791 510 834 adnuit
533 796 574 832 et
596 795 727 831 totum
750 793 853 829 nutu
875 785 1100 827 tremefecit
1125 783 1363 838 Olympum,

367 853 436 894 hic
457 851 550 894 finis
573 850 700 891 fandi.
727 848 828 891 solio
852 853 940 888 tum
962 845 1148 901 Iuppiter
1171 859 1294 886 aureo

370 912 518 969 surgit,
544 910 759 953 caelicolae
782 908 963 950 medium
986 921 1109 961 quem
1132 906 1186 947 ad
1207 905 1347 946 limina
1371 905 1536 946 ducunt.

426 973 589 1014 Interea
610 971 754 1014 Rutuli
775 969 903 1025 portis
928 968 1080 1010 circum
1104 966 1293 1009 omnibus
1317 966 1470 1006 instant

373 1040 551 1076 sternere
574 1032 699 1074 caede
721 1031 830 1072 viros
854 1035 895 1070 et
917 1028 1079 1070 moenia
1101 1028 1263 1083 cingere
1286 1026 1473 1067 flammis.

286 1107 350 1138 120
373 1101 415 1136 at
436 1094 545 1149 legio
569 1091 814 1134 Aeneadum
836 1089 955 1131 vallis
978 1088 1148 1131 obsessa
1171 1093 1340 1136 tenetur,

373 1169 450 1196 nec
473 1168 567 1208 spes
590 1153 675 1194 ulla
698 1152 836 1207 fugae.
859 1150 998 1191 miseri
1022 1155 1130 1190 stant
1153 1147 1330 1189 turribus
1356 1147 1447 1188 altis

373 1215 621 1268 nequiquam
644 1219 685 1254 et
706 1227 798 1254 rara
820 1225 959 1251 muros
984 1209 1146 1251 cinxere
1171 1223 1332 1249 corona.

374 1274 503 1316 Asius
527 1273 763 1316 Inbrasides
786 1270 1137 1323 Hicetaoniusque
1161 1268 1411 1323 Thymoetes

375 1335 652 1388 Assaracique
677 1334 758 1374 duo
783 1338 823 1374 et
846 1331 981 1373 senior
1004 1345 1098 1371 cum
1122 1329 1294 1370 Castore
1319 1327 1555 1382 Thymbris,

291 1409 353 1439 125
376 1396 508 1451 prima
530 1395 657 1444 acies3
682 1394 757 1435 hos
781 1392 966 1448 germani
992 1390 1242 1446 Sarpedonis
1266 1388 1388 1430 ambo

378 1462 418 1497 et
443 1455 590 1498 Clarus
615 1460 656 1496 et
679 1454 868 1495 Themon
889 1452 1024 1507 Lycia
1048 1451 1289 1493 comitantur
1312 1449 1364 1491 ab
1388 1449 1483 1490 alta.

377 1516 457 1558 fert
479 1516 625 1571 ingens
650 1521 736 1556 toto
759 1514 958 1556 connixus
983 1526 1150 1567 corpore
1175 1525 1332 1560 saxum,

378 1577 489 1618 haud
511 1582 668 1631 partem
692 1576 884 1631 exiguam
907 1573 1076 1623 montis,
1099 1572 1329 1628 Lyrnesius
1353 1570 1529 1619 Acmon,

378 1651 455 1679 nec
479 1636 617 1692 Clytio
640 1637 823 1692 genitore
846 1635 996 1684 minor,
1020 1648 1096 1676 nec
1119 1634 1244 1675 fratre
1267 1631 1523 1674 Menestheo.

295 1711 356 1741 130
379 1698 422 1738 hi
443 1698 606 1748 iaculis,
630 1697 690 1738 illi
713 1702 869 1739 certant
892 1695 1111 1737 defendere
1136 1694 1259 1743 saxis,

379 1758 592 1812 molirique
615 1758 773 1813 ignem,
797 1771 1004 1810 nervoque
1028 1761 1167 1811 aptare
1193 1754 1377 1808 sagittas.

380 1819 469 1872 ipse
491 1818 597 1859 inter
619 1818 796 1867 medios,
819 1816 995 1859 Veneris
1018 1815 1244 1858 iustissima
1267 1829 1376 1863 cura,

381 1878 617 1919 Dardanius
642 1884 783 1933 caput,
809 1891 922 1927 ecce,
946 1891 1049 1932 puer
1071 1877 1253 1917 detectus
1278 1875 1507 1922 honestum,

382 1938 514 1992 qualis
537 1952 702 1993 gemma
723 1939 866 1987 micat,
891 1937 1051 1978 fulvum
1075 1950 1178 1989 quae
1203 1935 1346 1976 dividit
1369 1950 1526 1982 aurum,

298 2011 358 2042 135
383 2004 453 2040 aut
476 1998 580 2039 collo
604 1998 729 2040 decus
753 2004 824 2039 aut
847 1997 986 2052 capiti,
1011 1997 1077 2038 vel
1100 1995 1219 2049 quale
1241 2009 1316 2050 per
1339 2000 1468 2036 artem

381 2058 585 2100 inclusum
607 2058 719 2100 buxo
743 2064 814 2100 aut
837 2057 980 2100 Oricia
1002 2057 1229 2099 terebintho

383 2119 491 2160 lucet
515 2118 633 2169 ebur,
657 2119 772 2161 fusos
798 2119 937 2160 cervix
960 2118 1026 2160 cui
1048 2118 1179 2159 lactea
1203 2116 1323 2158 crinis

386 2179 532 2234 accipit
555 2185 596 2221 et
617 2179 730 2220 molli
753 2179 956 2221 subnectit
979 2178 1153 2220 circulus
1178 2192 1288 2218 auro.

385 2246 425 2282 te
449 2254 611 2294 quoque
634 2240 919 2295 magnanimae
941 2240 1147 2288 viderunt,
1172 2238 1349 2287 Ismare,
1375 2242 1518 2292 gentes

300 2314 362 2345 140
385 2300 552 2342 volnera
575 2300 749 2356 dirigere
774 2307 814 2342 et
837 2300 1014 2342 calamos
1039 2313 1195 2341 armare
1218 2312 1389 2347 veneno,

385 2361 579 2403 Maeonia
602 2375 799 2417 generose
823 2362 962 2411 domo,
986 2360 1059 2402 ubi
1080 2359 1250 2415 pinguia
1273 2358 1382 2400 culta

387 2428 656 2476 exercentque
680 2422 774 2472 viri,
797 2421 1073 2476 Pactolusque
1096 2421 1246 2476 inrigat
1268 2433 1380 2461 auro.

387 2483 518 2524 adfuit
541 2488 581 2524 et
603 2482 865 2532 Mnestheus,
891 2496 1012 2536 quem
1034 2481 1143 2538 pulsi
1165 2481 1335 2536 pristina
1357 2478 1487 2520 Turni

388 2558 538 2600 aggere
561 2558 792 2586 moerorum
816 2543 1032 2586 sublimem
1055 2542 1185 2598 gloria
1208 2541 1323 2591 tollit,

304 2617 364 2648 145
389 2610 429 2645 et
453 2603 612 2659 Capys:
635 2605 732 2647 hinc
754 2618 906 2646 nomen
929 2603 1165 2658 Campanae
1188 2602 1349 2644 ducitur
1370 2598 1472 2641 urbi.

444 2665 511 2706 Illi
533 2665 637 2707 inter
661 2680 752 2708 sese
775 2665 866 2707 duri
890 2663 1110 2706 certamina
1131 2663 1229 2705 belli
