1800 3106
565 286 824 325 AENEIDOS
847 286 944 322 LIB.
956 286 1042 323 VH.

128 395 348 441 Caeculus.
372 394 484 435 hunc
508 392 589 434 late
612 391 723 447 legio
747 389 966 432 comitatur
989 389 1178 445 agrestis,

127 459 281 514 quique
303 456 433 499 altum
456 455 683 497 Praeneste
707 453 803 503 viri,
827 452 982 506 quique
1007 466 1107 493 arva
1131 449 1322 493 Gabinae

128 519 300 563 Iunonis
323 518 590 575 gelidumque
613 514 822 557 Anienem
846 520 887 556 et
908 514 1073 556 roscida
1094 513 1194 556 rivis

127 581 313 624 Hernica
337 595 438 623 saxa
461 578 619 628 colunt,
645 591 751 631 quos
775 577 892 618 dives
915 574 1115 632 Anagnia
1136 575 1282 631 pascit,

127 659 252 698 quos,
276 642 490 684 Amasene
511 647 641 696 pater.
665 654 750 681 non
771 638 852 680 illis
877 637 1070 679 omnibus
1094 653 1221 687 arma,

127 719 204 747 nec
228 704 350 760 clipei
373 716 570 745 currusve
594 707 742 743 sonant
749 716 761 751 3
785 714 883 755 pars
907 699 1089 740 maxima
1110 699 1284 755 glandes

127 766 292 809 liventis
315 764 476 821 plumbi
500 763 676 819 spargit,
701 777 798 817 pars
824 761 984 817 spicula
1006 767 1144 818 gestat

127 828 226 871 bina
248 841 392 876 manu,
418 825 639 878 fulvosque
661 824 749 879 lupi
772 824 825 864 de
847 823 956 878 pelle
979 822 1143 879 galeros

129 897 296 946 tegmen
317 887 473 929 habent
495 885 639 941 capiti3
664 885 842 941 vestigia
864 885 977 926 nuda
1001 884 1156 926 sinistri

128 951 342 994 instituere
365 949 504 1005 pedis,
529 948 682 990 crudus
708 947 811 1003 tegit
834 947 962 988 altera
984 961 1098 1002 pero.

182 1012 244 1054 At
266 1011 512 1066 Messapus,
538 1024 692 1064 equum
715 1009 910 1059 domitor,
934 1008 1146 1064 Neptunia
1167 1009 1318 1063 proles,

127 1089 251 1129 quem
274 1088 408 1128 neque
431 1073 496 1114 fas
519 1072 608 1129 igni
632 1072 826 1126 cuiquam
848 1085 927 1113 nec
951 1077 1131 1112 sternere
1155 1071 1279 1122 ferro,

127 1137 208 1179 iam
232 1136 391 1192 pridem
414 1135 571 1177 resides
595 1133 772 1189 populos
796 1133 1050 1187 desuetaque
1074 1132 1183 1174 bello

128 1198 296 1255 agmina
316 1198 360 1239 in
384 1212 498 1238 arma
521 1202 642 1238 vocat
666 1195 803 1237 subito
826 1194 1066 1248 ferrumque
1089 1200 1294 1236 retractat.

127 1260 172 1301 hi
194 1259 474 1302 Fescenninas
499 1258 608 1300 acies
631 1256 889 1311 Aequosque
912 1257 1114 1307 Faliscos,

128 1321 173 1363 hi
198 1319 559 1363 Soractis'habent
582 1333 697 1360 arces
720 1319 994 1372 Flaviniaque
1019 1334 1119 1360 arva

130 1389 171 1424 et
195 1382 349 1424 Cimini
372 1396 467 1423 cum
490 1387 630 1422 monte
652 1380 789 1421 lacum
812 1380 1012 1434 lucosque
1037 1379 1245 1435 Capenos.

128 1444 245 1486 ibant
268 1443 433 1498 aequati
455 1457 628 1484 numero
651 1457 876 1498 regemque
899 1442 1116 1492 canebant,

130 1520 209 1547 ceu
231 1505 440 1560 quondam
462 1504 574 1546 nivei
597 1504 755 1558 liquida
778 1504 885 1545 inter
906 1503 1049 1546 nubila
1073 1504 1193 1559 cycni

130 1582 225 1609 cum
250 1581 342 1609 sese
365 1581 388 1608 e
410 1573 535 1622 pastu
556 1565 742 1607 referunt
765 1571 807 1607 et
829 1565 955 1622 longa
979 1579 1152 1607 canoros

129 1629 230 1670 dant
251 1643 326 1684 per
349 1628 456 1670 colla
477 1628 624 1670 modos
632 1644 644 1679 3
670 1633 789 1669 sonat
812 1627 945 1669 amnis
970 1633 1011 1669 et
1033 1626 1141 1669 Asia
1164 1627 1287 1683 longe

129 1690 251 1745 pulsa
272 1690 406 1745 palus.

129 1766 208 1793 nec
230 1751 450 1806 quisquam
474 1757 634 1792 aeratas
659 1751 770 1792 acies
795 1765 847 1792 ex
871 1751 1037 1808 agmine
1062 1756 1175 1792 tanto

130 1812 294 1854 misceri
316 1817 451 1868 putet,
477 1812 630 1853 aeriam
655 1812 729 1854 sed
751 1813 917 1869 gurgite
942 1812 995 1854 ab
1019 1812 1102 1854 alto

131 1873 297 1930 urgueri
319 1873 534 1915 volucrum
557 1887 775 1914 raucarum
798 1874 853 1915 ad
875 1873 996 1915 litora
1018 1872 1185 1915 nubem.

186 1934 317 1984 Ecce,
345 1933 596 1976 Sabinorum
618 1934 756 1989 prisco
780 1935 832 1976 de
857 1935 1060 1991 sanguine
1084 1949 1283 1990 magnum

131 2010 281 2051 agmen
303 2010 432 2052 agens
458 1995 638 2038 Clausus
663 1996 886 2052 magnique
910 1996 1000 2051 ipse
1023 1996 1202 2053 agminis
1226 1996 1367 2046 instar,

133 2056 310 2099 Claudia
332 2071 441 2098 nunc
464 2072 490 2098 a
512 2071 596 2111 quo
620 2057 868 2099 diffunditur
890 2064 931 2099 et
954 2058 1086 2100 tribus
1113 2064 1154 2099 et
1176 2072 1282 2114 gens

130 2133 204 2174 per
226 2118 415 2168 Latium,
440 2125 662 2173 postquam
684 2119 729 2160 in
751 2125 912 2175 partem
936 2119 1034 2160 data
1056 2118 1193 2160 Roma
1219 2117 1400 2161 Sabinis.

131 2195 214 2221 una
235 2180 383 2236 ingens
406 2179 626 2222 Amiterna
649 2181 797 2223 cohors
820 2182 1030 2236 priscique
1055 2180 1253 2234 Quirites,

132 2240 248 2282 Ereti
272 2256 419 2282 manus
444 2241 577 2282 omnis
602 2241 897 2295 oliviferaeque
919 2241 1158 2291 Mutuscae,

133 2301 204 2355 qui
227 2301 479 2342 Nomentum
502 2301 666 2351 urbem,
691 2302 764 2355 qui
786 2302 928 2344 Rosea
950 2317 1046 2343 rura
1068 2301 1221 2351 Velini,

134 2361 206 2414 qui
229 2361 419 2402 Tetricae
442 2361 645 2403 horrentis
668 2377 793 2417 rupes
823 2368 1089 2416 montemque
1115 2361 1319 2404 Severum

136 2417 462 2477 Casperiamque
487 2421 628 2462 colunt
649 2422 911 2476 Forulosque
935 2429 977 2464 et
998 2423 1153 2464 flumen
1176 2423 1399 2472 Himellae,

134 2483 207 2537 qui
231 2483 415 2524 Tiberim
438 2482 716 2536 Fabarimque
738 2483 904 2533 bibunt,
930 2498 1036 2537 quos
1059 2483 1213 2538 frigida
1234 2483 1348 2524 misit

134 2544 288 2586 Nursia
311 2550 351 2585 et
374 2543 579 2585 Hortinae
603 2544 758 2586 classes
782 2545 1006 2600 populique
1029 2544 1186 2594 Latini,

136 2619 323 2659 quosque
348 2620 493 2647 secans
517 2605 745 2647 infaustum
769 2606 951 2647 interluit
972 2604 1088 2646 Allia
1110 2619 1278 2646 nomen:

136 2681 262 2720 quam
285 2667 402 2708 multi
427 2667 591 2722 Libyco
615 2667 838 2709 volvuntur
859 2681 1062 2709 marmore
1086 2667 1250 2716 fluctus,

138 2742 286 2770 saevus
310 2729 383 2771 ubi
408 2728 541 2772 Orion
564 2728 747 2772 hibernis
771 2729 961 2772 conditur
982 2729 1118 2779 undis,

1401 276 1482 318 231

1515 648 1581 682 685

1516 959 1584 991 690

1519 1269 1584 1301 695

1521 1579 1585 1609 700

1521 1887 1585 1917 705

1520 2193 1585 2222 710

1520 2497 1584 2526 715
