1800 3106
569 274 830 314 AENEIDOS
857 274 956 310 LIB.
971 274 1094 311 V1111.

150 384 389 435 confossus,
413 381 661 440 placidaque
683 380 743 423 ibi
767 380 935 422 demum
959 385 1091 421 morte
1115 378 1285 434 quievit.

205 446 423 490 Fortunati
448 443 591 488 ambol
618 444 655 486 si
677 443 778 499 quid
801 457 896 485 mea
919 441 1102 484 carmina
1124 447 1313 497 possunt,

149 510 264 552 nulla
286 509 376 551 dies
400 522 600 562 umquam
624 505 798 548 memori
821 519 897 547 vos
922 504 1077 546 eximet
1099 518 1218 555 aevo,

149 573 250 615 dtun
273 572 423 615 domus
446 569 620 613 Aeneae
645 568 827 624 Capitoli
850 566 1047 610 inmobile
1072 581 1221 608 saxum

150 634 326 685 accolet,
350 632 654 689 imperiumque
676 637 796 687 pater
817 630 1035 672 Romanus
1059 628 1242 671 habebit.

207 696 400 739 Victores
424 694 581 751 praeda
603 692 751 735 Rutuli
775 691 1002 748 spoliisque
1024 690 1146 747 potiti

153 757 424 801 Volscentem
448 756 687 799 exanimum
710 754 856 796 fientes
879 753 924 795 in
947 759 1085 795 castra
1107 751 1310 795 ferebant.

151 835 228 864 nec
251 820 387 862 minor
408 818 453 860 in
476 817 622 860 castris
645 816 783 858 luctus
807 815 1042 857 Rhamnete
1064 821 1228 871 reperto

152 882 358 939 exsangui
382 886 424 923 et
445 880 590 937 primis
614 894 699 921 una
721 884 783 920 tot
806 877 934 920 caede
956 877 1197 934 peremptis,

155 943 420 999 Serranoque
442 942 676 997 Numaque.
699 941 850 997 ingens
874 954 1102 982 concursus
1126 939 1180 981 ad
1204 939 1298 995 ipsa

152 1020 325 1062 corpora
349 1004 650 1059 seminecisque
675 1002 788 1045 viros
812 1001 1036 1057 tepidaque
1058 1008 1268 1043 recentem

153 1069 279 1112 caede
302 1068 441 1110 locum
465 1073 507 1109 et
527 1066 652 1123 pleno
678 1064 909 1122 spumantis
936 1064 1140 1120 sanguine
1164 1063 1289 1105 rivos.

153 1131 415 1188 adgnoscunt
439 1129 572 1185 spolia
594 1128 702 1171 inter
726 1142 772 1170 se
794 1126 1044 1184 galeamque
1067 1125 1268 1168 nitentem

152 1193 343 1249 Messapi
367 1199 408 1235 et
430 1191 562 1234 multo
584 1190 776 1247 phaleras
802 1190 953 1232 sudore
975 1194 1182 1244 receptas.

211 1255 270 1297 Et
291 1255 376 1297 iam
398 1254 533 1311 prima
554 1268 665 1296 novo
690 1251 915 1309 spargebat
936 1251 1092 1294 lumine
1117 1257 1247 1293 terras

157 1317 328 1359 Tithoni
351 1331 543 1358 croceum
565 1315 757 1369 linquens
780 1314 949 1356 Aurora
973 1313 1121 1364 cubile,

158 1380 240 1421 iam
266 1378 353 1421 sole
376 1378 535 1428 infuso,
559 1377 644 1419 iam
667 1375 793 1419 rebus
816 1376 909 1418 luce
933 1374 1099 1418 retectis

159 1440 362 1483 Turnus
350 1456 395 1482 m
419 1455 534 1482 arma
555 1439 687 1490 viros,
713 1438 838 1480 armis
863 1436 1178 1479 circumdatus
1166 1451 1271 1492 ipse,

161 1503 353 1554 suscitat,
379 1508 624 1573 aeratasque
648 1500 759 1543 acies
783 1499 827 1541 in
849 1499 1007 1556 proelia
1030 1498 1143 1555 cogit

159 1566 336 1621 quisque
361 1580 478 1615 suas,
504 1563 713 1618 variisque
737 1568 892 1605 acuunt
914 1561 1186 1604 rumoribus
1174 1577 1271 1603 1ras.

159 1629 260 1683 quin
282 1628 375 1684 ipsa
398 1626 566 1669 arrectis
591 1651 646 1657 -—-
670 1626 764 1667 visu
787 1623 1023 1666 miserabile
1046 1649 1101 1655 —
1125 1624 1169 1665 in
1192 1623 1324 1665 hastis

160 1689 396 1746 praefigunt
419 1689 556 1744 capita
579 1694 620 1731 et
643 1688 773 1730 multo
800 1687 980 1730 clamore
1005 1693 1237 1742 sequuntur

160 1751 336 1808 Euryali
360 1757 402 1792 et
423 1750 528 1792 Nisi.

161 1813 388 1856 Aeneadae
412 1812 504 1854 duri
527 1827 741 1854 murorum
764 1812 808 1853 in
830 1817 947 1868 parte
972 1810 1139 1854 sinistra

162 1889 394 1932 opposuere
418 1875 569 1924 aciem,
595 1900 650 1905 —
673 1890 771 1916 nam
795 1874 966 1916 dextera
989 1873 1169 1930 cingitur
1191 1872 1304 1915 amni
1329 1897 1383 1903 —-

161 1937 426 1995 ingentisque
451 1943 590 1978 tenent
613 1936 751 1979 fossas
777 1943 819 1978 et
842 1935 1024 1978 turribus
1050 1935 1144 1978 altis

163 2006 274 2043 stant
297 1999 464 2050 maesti;
490 1998 614 2040 simul
637 2014 710 2040 ora
732 1998 869 2040 virum
891 1997 1077 2054 praefixa
1099 1996 1337 2046 movebant,

162 2069 262 2105 nota
285 2061 408 2104 nimis
432 2061 595 2103 miseris
621 2069 792 2116 atroque
815 2060 986 2103 fluentia
1009 2059 1120 2102 tabo.

219 2124 385 2166 Interea
406 2123 602 2180 pavidam
625 2123 802 2166 volitans
826 2129 1009 2179 pennata
1031 2137 1108 2178 per
1129 2121 1277 2164 urbem

163 2186 308 2228 nuntia
330 2185 444 2228 fama
466 2186 566 2235 ruit,
591 2185 819 2239 matrisque
843 2184 1050 2226 adlabitur
1073 2184 1185 2225 auris

163 2247 351 2303 Euryali.
376 2253 419 2288 at
443 2247 605 2288 subitus
631 2247 807 2288 miserae
831 2246 944 2287 calor
966 2261 1064 2288 ossa
1085 2244 1271 2299 reliquit3

165 2308 333 2350 excussi
355 2308 549 2349 manibus
574 2308 696 2357 radii,
721 2307 990 2361 revolutaque
1012 2321 1157 2362 pensa.

166 2369 302 2411 evolat
325 2369 471 2410 infelix
495 2375 536 2410 et
558 2368 739 2410 femineo
762 2368 936 2418 ululatu,

169 2431 302 2473 scissa
325 2445 506 2480 comam,
530 2444 672 2471 muros
698 2444 840 2471 amens
866 2435 989 2483 atque
1014 2428 1182 2484 agmina
1205 2442 1328 2471 cursu

167 2493 302 2549 prima
323 2492 445 2548 petit,
470 2506 554 2533 non
577 2491 648 2533 illa
671 2491 825 2541 virum,
849 2505 934 2532 non
956 2490 1028 2532 illa
1050 2489 1194 2545 pericli

168 2555 426 2609 telorumque
450 2568 628 2604 memor;
653 2553 814 2594 caelum
839 2552 989 2594 dehinc
1013 2550 1230 2606 questibus
1254 2551 1403 2606 inplet:

172 2617 308 2668 „hunc
332 2631 411 2673 ego
436 2624 494 2667 te,
519 2615 722 2671 Euryale,
748 2614 929 2670 aspicio?
952 2621 1051 2655 tune
1074 2613 1143 2654 ille
1168 2620 1359 2655 senectae

171 2694 264 2721 sera
286 2694 404 2721 meae
427 2679 610 2734 requies,
634 2677 805 2734 potuisti
829 2677 1014 2731 linquere
1039 2676 1170 2718 solam

172 2742 374 2783 crudelis?
396 2756 473 2783 nec
497 2748 556 2791 te,
583 2739 661 2783 sub
691 2745 805 2781 tanta
827 2738 1011 2795 pericula
1033 2738 1221 2788 missum,

1434 263 1519 306 265

1546 514 1612 546 445

1549 827 1617 858 450

1552 1140 1618 1170 455

1555 1450 1622 1480 460

1556 1761 1623 1792 465

1558 2058 1626 2103 47‘0

1559 2381 1626 2410 475

1560 2687 1626 2719 480
