1780 3074
587 297 846 336 AENEIDOS
864 296 999 333 LIB.I.

1420 287 1471 329 91

171 404 347 458 „Aeole,
372 417 553 458 namque
578 402 653 445 tibi
677 402 816 444 divom
839 408 957 458 pater
980 407 1105 456 atque
1128 400 1342 443 hominum
1369 416 1441 443 rex
1502 413 1544 444 65

111 476 151 510 et
176 467 358 510 mulcere
385 466 499 508 dedit
522 465 673 507 fluctus
698 471 739 506 et
763 464 905 506 tollere
929 471 1071 514 vento,

110 546 214 587 gens
239 529 406 571 inimica
429 527 532 569 mihi
556 527 821 583 Tyrrhenum
844 526 1014 582 navigat
1038 540 1205 580 aequor,

111 593 236 634 Ilium
258 592 303 633 in
325 591 491 633 Italiam
514 595 683 646 portans
707 589 923 644 victosque
947 588 1148 631 Penates:

111 657 248 697 incute
271 654 358 696 vim
381 653 517 696 ventis
543 651 864 706 submersasque
888 651 1017 694 obrue
1041 666 1217 708 puppes,

112 724 181 760 aut
207 732 285 774 age
309 716 496 758 diversos
522 721 563 757 et
602 714 731 756 disice
763 728 936 769 corpora
958 722 1098 770 ponto.

113 789 209 821 sunt
232 779 334 821 mihi
357 778 422 821 bis
448 783 607 833 septem
629 776 856 832 praestanti
881 791 1052 831 corpore
1075 775 1309 832 Nymphae,

111 855 286 895 quarum
310 855 417 894 quae
442 839 577 881 forma
599 838 878 894 pulcherrima
901 838 1112 893 Deiopea,

111 902 288 945 conubio
312 902 484 958 iungam
508 900 647 943 stabili
669 899 963 955 propriamque
987 900 1150 950 dicabo,

110 964 244 1006 omnis
269 969 316 1005 ut
340 969 478 1005 tecum
503 962 659 1006 meritis
684 973 760 1017 pro
785 961 938 1004 talibus
964 977 1096 1004 annos

110 1027 250 1083 exigat
274 1032 314 1068 et
337 1025 510 1082 pulchra
533 1024 661 1067 faciat
684 1030 724 1066 te
747 1023 863 1080 prole
886 1028 1143 1080 parentem.“

165 1088 326 1131 Aeolus
352 1088 455 1130 haec
478 1093 638 1130 contra:
665 1093 807 1139 „tuus,
833 1101 859 1128 o
883 1087 1046 1143 regina,
1072 1087 1173 1142 quid
1197 1095 1336 1144 optes,

110 1152 323 1208 explorare
347 1150 482 1202 labor3
512 1149 615 1191 mihi
638 1149 754 1192 iussa
778 1164 997 1205 capessere
1020 1150 1086 1192 fas
1111 1156 1187 1192 est.

110 1221 156 1256 tu
179 1213 298 1265 mihi,
325 1213 618 1268 quodcumque
642 1211 724 1254 hoc
747 1212 884 1269 regni,
914 1218 961 1254 tu
986 1219 1149 1267 sceptra
1172 1213 1404 1268 Iovemque

111 1276 326 1327 concilias,
353 1282 399 1317 tu
423 1275 498 1317 das
524 1274 657 1331 epulis
682 1274 929 1317 accumbere
953 1274 1112 1325 divom,

110 1338 428 1392 nimborumque
452 1337 557 1380 facis
582 1342 959 1392 tempestatumque
982 1340 1235 1393 potentem.“

167 1400 290 1442 Haec
313 1399 386 1442 ubi
410 1399 538 1450 dieta,
564 1413 714 1441 cavum
737 1414 939 1441 conversa
962 1399 1134 1455 cuspide
1158 1407 1344 1442 montem

110 1462 260 1518 inpulit
282 1461 326 1503 in
349 1461 477 1504 latus:
508 1475 558 1504 ae
581 1461 712 1511 venti,
737 1460 852 1502 velut
875 1461 1042 1517 agmine
1066 1462 1196 1513 facto,

112 1540 194 1580 qua
218 1525 316 1567 data
338 1531 476 1581 porta,
500 1530 627 1566 ruunt
651 1530 692 1566 et
715 1531 845 1566 terras
871 1524 1033 1567 turbine
1057 1526 1246 1580 perflant.

111 1586 339 1629 incubuere
365 1587 488 1638 mari,
514 1593 730 1641 totumque
755 1602 781 1628 a
805 1586 975 1629 sedibus
999 1587 1095 1629 imis

110 1665 194 1691 una
217 1663 424 1704 eurusque
446 1655 654 1705 notusque
677 1655 803 1691 ruunt
826 1648 1052 1704 creberque
1077 1650 1269 1705 procellis

113 1711 284 1762 africus,
312 1717 352 1753 et
375 1717 516 1754 vastos
541 1711 714 1753 volvunt
738 1711 792 1753 ad
814 1711 935 1753 litora
958 1711 1123 1754 fluctus.

113 1773 343 1827 insequitur
367 1773 603 1828 clamorque
627 1773 763 1815 virum
789 1773 1020 1828 stridorque
1043 1774 1279 1817 rudentum.

114 1836 292 1891 eripiunt
317 1835 454 1878 subito
477 1835 611 1878 nubes
637 1835 881 1890 caelumque
905 1836 1099 1890 diemque

114 1897 373 1939 Teucrorum
398 1913 450 1940 ex
474 1898 625 1949 oculis3
654 1903 783 1954 ponto
808 1913 893 1940 nox
916 1897 1087 1940 incubat
1111 1904 1210 1940 atra.

113 1960 328 2002 intonuere
351 1960 454 2016 poli,
479 1967 521 2003 et
544 1960 698 2003 crebris
723 1960 850 2003 micat
872 1960 1041 2017 ignibus
1066 1961 1221 2012 aether,

114 2029 458 2078 praesentemque
482 2023 581 2065 viris
606 2023 812 2065 intentant
835 2023 974 2065 omnia
997 2029 1187 2066 mortem.

115 2084 322 2141 extemplo
344 2083 517 2127 Aeneae
542 2085 759 2127 solvuntur
785 2085 939 2142 frigore
963 2085 1170 2137 membra3

114 2147 290 2204 ingemit
313 2153 354 2190 et
377 2147 563 2203 duplices
589 2147 762 2190 tendens
788 2148 842 2190 ad
867 2148 1003 2190 sidera
1026 2148 1189 2204 palmas

116 2209 213 2252 talia
236 2224 339 2252 voce
362 2209 508 2252 refert:
535 2225 587 2262 „o
611 2216 756 2264 terque
781 2216 1010 2265 quaterque
1034 2210 1159 2262 beati,

116 2271 208 2325 quis
233 2278 329 2313 ante
352 2286 426 2313 ora
447 2278 613 2327 patrum
637 2271 789 2314 Troiae
815 2272 892 2314 sub
917 2272 1136 2315 moenibus
1162 2273 1255 2316 altis

118 2332 289 2389 contigit
313 2333 527 2388 oppeterel
552 2348 578 2376 o
601 2333 801 2376 Danaum
825 2334 1050 2376 fortissime
1073 2335 1211 2391 gentis

117 2393 300 2451 Tydide!
325 2409 446 2436 mene
469 2394 609 2437 Iliacis
635 2395 881 2438 occumbere
905 2397 1064 2452 campis

117 2471 200 2498 non
223 2456 410 2512 potuisse
435 2462 589 2510 tuaque
613 2457 794 2498 animam
816 2456 926 2499 hanc
950 2458 1164 2501 effundere
1189 2459 1362 2502 dextra?

120 2533 268 2560 saevus
292 2517 364 2560 ubi
387 2517 600 2560 Aeacidae
625 2518 707 2560 telo
730 2518 838 2560 iacet
860 2518 1039 2570 Hector,
1065 2519 1137 2561 ubi
1159 2520 1309 2577 ingens

122 2578 356 2636 Sarpedon,
382 2579 455 2623 ubi
479 2586 540 2622 tot
565 2578 721 2622 Simois
746 2586 935 2635 correpta
959 2580 1036 2623 sub
1061 2582 1183 2623 undis

122 2647 238 2683 scuta
260 2642 395 2684 virum
418 2641 644 2698 galeasque
668 2647 710 2684 et
732 2641 856 2684 fortia
879 2657 1053 2698 corpora
1076 2643 1246 2686 volvit.“

179 2702 299 2745 Talia
320 2703 490 2746 iactanti
514 2704 692 2746 stridens
718 2703 911 2758 aquilone
934 2704 1116 2760 procella

125 2764 261 2806 velum
284 2765 459 2809 adversa
482 2766 578 2808 ferit
601 2766 835 2820 fluctusque
860 2766 914 2808 ad
939 2766 1075 2809 sidera
1098 2767 1214 2810 tollit.

1506 729 1548 760 70

1508 1040 1549 1071 75

1507 1353 1550 1383 80

1508 1665 1551 1695 85

1509 1977 1552 2007 90

1511 2287 1553 2319 95

1512 2597 1577 2630 100
