1734 3074
627 312 895 351 BuconicA.
1271 353 1276 355 7
1390 305 1439 345 17

85 434 232 477 cogere
256 419 387 461 donec
412 433 511 460 oves
538 417 710 460 stabulis
734 431 1033 471 numerumque
1057 417 1210 459 referre
1468 430 1509 460 85

82 483 222 532 iussit,
248 487 288 523 et
311 480 441 522 invito
463 480 666 535 processit
689 494 839 535 vesper
864 477 1061 535 Olympo.

710 659 811 701 VII.

200 780 589 822 MELIBOEUS.
650 779 861 818 CORYD
872 779 971 818 ΟΝ.
1032 780 1324 820 THYRSIS.

137 914 200 957 Μ.
229 913 355 956 Forte
380 911 458 954 sub
482 918 631 968 arguta
654 911 898 953 consederat
919 911 1013 953 ilice
1036 911 1244 966 Daphnis,

81 976 432 1032 conpulerantque
469 988 618 1031 greges
645 972 841 1029 Corydon
868 980 910 1015 et
933 973 1108 1029 Thyrsis
1133 974 1177 1015 in
1201 990 1342 1024 unum,

82 1038 260 1094 Thyrsis
284 1037 395 1087 ovis,
422 1035 620 1091 Corydon
643 1035 842 1077 distentas
866 1035 974 1078 lacte
999 1036 1192 1091 capellas.

81 1100 204 1143 ambo
227 1100 420 1142 florentes
445 1097 669 1148 aetatibus,
693 1096 884 1140 Arcades
909 1097 1045 1148 ambo,

81 1169 123 1204 et
147 1167 312 1204 cantare
335 1175 457 1216 pares
483 1167 524 1202 et
546 1160 797 1216 respondere
819 1160 966 1215 parati.

81 1224 164 1266 huc
186 1223 306 1273 mihi,
333 1223 433 1264 dum
457 1228 619 1264 teneras
644 1222 823 1264 defendo
848 1237 874 1264 a
897 1222 1051 1278 frigore
1076 1228 1247 1277 myrtos,

83 1288 146 1328 vir
168 1286 308 1343 gregis
331 1285 421 1342 ipse
446 1299 570 1341 caper
593 1285 865 1327 deerraverat.
890 1292 1015 1339 atque
1040 1300 1119 1342 ego
1142 1285 1359 1341 Daphnim

7 1366 10 1370 ’
81 1349 248 1404 aspicio.
273 1347 342 1390 ille
364 1347 438 1389 ubi
460 1362 528 1389 me
552 1353 694 1389 contra
717 1348 849 1397 videt,
877 1347 1019 1399 „ocius
1030 1350 1051 1370 ‘⁴
1077 1348 1212 1402 inquit

83 1410 192 1461 „huc
216 1410 334 1460 ades,
359 1424 384 1451 o
407 1408 636 1451 Meliboee:
662 1423 786 1465 caper
809 1409 885 1451 tibi
909 1409 1049 1452 salvus
1075 1415 1116 1451 et
1131 1410 1280 1453 haedi:

0 1468 11 1531 ξ
83 1478 142 1523 et,
169 1472 205 1514 si
227 1471 329 1526 quid
353 1485 516 1513 cessare
539 1477 678 1526 potes,
702 1471 917 1525 requiesce
941 1471 1020 1514 sub
1044 1471 1204 1514 umbra.
1478 1486 1519 1514 10

0 1544 2 1546 ’
81 1534 163 1576 huc
186 1533 268 1588 ipsi
290 1539 436 1588 potum
459 1533 626 1574 venient
648 1548 723 1588 per
746 1539 865 1588 prata
887 1533 1070 1584 iuvenci3

79 1595 150 1638 hic
173 1595 316 1637 viridis
341 1600 482 1636 tenera
503 1595 708 1650 praetexit
732 1595 932 1637 arundine
955 1596 1067 1651 ripas

80 1657 284 1707 Mincius,
310 1670 415 1710 eque
440 1671 558 1698 sacra
579 1663 777 1699 resonant
800 1657 992 1699 examina
1016 1660 1212 1711 quercu.“

81 1719 182 1773 quid
199 1718 406 1760 facerem?
428 1732 563 1772 neque
582 1733 662 1774 ego
680 1717 891 1773 Alcippen
914 1733 991 1760 nec
1008 1718 1206 1773 Phyllida
1229 1718 1448 1767 habebam,

82 1780 278 1836 depulsos
303 1795 328 1821 a
351 1779 457 1821 lacte
481 1779 595 1821 domi
618 1795 725 1834 quae
750 1780 961 1822 clauderet
984 1795 1116 1836 agnos
1124 1797 1136 1831 3
1479 1795 1518 1823 15

82 1848 124 1884 et
146 1847 355 1884 certamen
379 1847 483 1891 erat,
510 1840 710 1897 Corydon
733 1856 831 1884 cum
855 1842 1081 1897 Thyrside,
1106 1857 1318 1898 magnum.

80 1902 302 1960 posthabui
327 1909 466 1944 tamen
488 1903 652 1944 illorum
675 1919 769 1945 mea
793 1904 900 1945 seria
923 1904 1034 1945 ludo.

82 1966 248 2008 alternis
271 1965 398 2021 igitur
420 1965 667 2007 contendere
690 1965 881 2008 versibus
906 1965 1030 2007 ambo

82 2042 271 2084 coepere:
296 2027 475 2069 alternos
499 2027 652 2069 Musae
676 2028 915 2070 meminisse
939 2028 1146 2070 volebant.

81 2090 158 2133 hos
184 2089 401 2144 Corydon,
425 2089 518 2131 illos
542 2089 748 2132 referebat
770 2091 814 2131 in
838 2091 980 2132 ordine
1006 2090 1196 2145 Thyrsis.
1476 2103 1518 2134 20

140 2150 191 2194 C.
215 2151 446 2207 Nymphae,
465 2157 606 2194 noster
618 2168 744 2202 amor,
765 2152 1047 2202 Libethrides,
1069 2160 1141 2194 aut
1153 2153 1255 2194 mihi
1268 2168 1447 2203 carmen,

82 2213 203 2268 quale
227 2228 320 2255 meo
346 2212 503 2264 Codro,
529 2214 741 2256 concedite
749 2230 761 2265 3
785 2215 975 2270 proxima
997 2214 1162 2257 Phoebi

81 2274 271 2317 versibus
295 2275 364 2317 ille
386 2275 505 2317 facit:
531 2283 620 2326 aut,
647 2276 682 2318 si
705 2291 789 2318 non
812 2291 1036 2331 possumus
1062 2291 1218 2327 omnes,

82 2335 151 2377 hic
175 2343 322 2392 arguta
346 2351 463 2378 sacra
486 2331 682 2392 pendebit
704 2337 844 2379 fistula
867 2338 981 2393 pinu.

85 2397 136 2439 T.
166 2397 382 2447 PastoreS‚
408 2397 560 2440 hedera
583 2405 837 2441 crescentem
861 2406 1004 2441 ornate
1027 2406 1207 2455 poetam,
1475 2415 1517 2444 25

84 2457 291 2509 Arcades,
315 2458 472 2500 invidia
494 2466 738 2515 rumpantur
760 2468 806 2501 ut
829 2461 900 2502 ilia
925 2460 1084 2511 Codro3

86 2525 175 2570 aut,
201 2521 236 2562 si
260 2520 368 2562 ultra
390 2520 590 2576 placitum
612 2521 807 2572 laudarit,
833 2522 1036 2564 bacchare
1060 2523 1239 2564 frontem

87 2581 255 2638 cingite,
279 2597 332 2624 ne
356 2583 442 2624 vati
465 2589 612 2625 noceat
635 2584 744 2625 mala
766 2583 910 2639 lingua
933 2584 1085 2626 futuro.

145 2642 194 2685 C.
227 2642 392 2686 Saetosi
417 2651 541 2700 caput
563 2645 643 2687 hoc
667 2645 755 2701 apri
780 2646 872 2695 tibi,
897 2645 1042 2696 Delia,
1067 2661 1220 2701 parvus

89 2709 130 2744 et
150 2719 314 2747 ramosa
335 2705 482 2748 Micon
504 2706 661 2749 vivacis
687 2722 841 2749 cornua
865 2708 987 2749 cervi.
1475 2724 1518 2754 30

90 2764 124 2805 si
147 2767 358 2821 proprium
380 2767 460 2810 hoc
482 2768 625 2819 fuerit,
650 2769 733 2811 levi
757 2770 808 2812 de
832 2785 1036 2819 marmore
1061 2776 1147 2812 tota

162 2841 312 2878 Vergilius.
1196 2843 1218 2878 2
