1780 3074
547 295 807 332 AENEIDOS
825 295 924 331 LIB.
943 296 1012 331 111.

98 402 218 459 erigit
243 407 453 451 eructans,
478 399 784 456 liquefactaque
810 415 912 442 saxa
937 399 1014 442 sub
1039 414 1161 441 auras

98 480 193 507 cum
216 464 375 521 gemitu
397 463 619 521 glomerat,
644 462 858 517 fundoque
882 468 1099 504 exaestuat
1121 462 1218 504 imo.

98 527 211 569 fama
235 533 298 569 est
321 526 527 568 Enceladi
551 525 797 567 semiustum
820 525 994 567 fulmine
1019 539 1168 580 corpus

97 589 266 645 urgueri
289 588 398 630 mole
421 587 518 638 hac,
544 587 839 644 ingentemque
862 587 1032 643 insuper
1053 585 1237 629 Aetnam

98 651 319 707 inpositam
343 649 476 706 ruptis
500 650 710 692 flammam
735 649 946 705 exspirare
970 649 1157 701 caminis,

99 721 140 755 et
163 713 323 755 fessum
348 712 539 766 quotiens
564 717 698 753 mutat
719 711 849 762 latus,
874 711 1094 754 intremere
1118 726 1283 754 omnem

98 790 309 818 murmure
334 774 592 816 Trinacriam
617 780 658 815 et
682 773 844 815 caelum
869 774 1089 816 subtexere
1113 774 1243 816 fumo.

99 844 263 880 noctem
286 837 400 879 illam
424 836 522 878 tecti
547 835 662 878 silvis
686 835 870 877 inmania
892 843 1079 878 monstra

98 899 363 956 perferimus,
387 912 464 940 nec
487 912 595 952 quae
619 897 801 939 sonitum
825 898 896 940 det
919 912 1071 940 caussa
1095 898 1298 940 videmus.

99 977 196 1004 nam
218 975 353 1015 neque
378 966 493 1002 erant
516 966 722 1002 astrorum
745 959 885 1016 ignes,
910 974 988 1013 nec
1011 959 1174 1002 lucidus
1200 960 1342 1002 aethra

101 1023 261 1066 siderea
283 1021 423 1077 polus,
449 1021 626 1064 obscuro
652 1022 726 1064 sed
749 1021 893 1064 nubila
916 1022 1044 1073 caelo,

100 1092 141 1128 et
162 1085 305 1126 lunam
330 1084 372 1125 in
397 1083 539 1126 nimbo
562 1098 647 1126 nox
669 1084 920 1140 intempesta
943 1084 1122 1127 tenebat.

154 1147 331 1189 Postera
353 1147 519 1201 iamque
543 1147 632 1189 dies
655 1147 790 1203 primo
816 1146 1014 1204 surgebat
1038 1162 1128 1197 eoo,

97 1210 420 1264 humentemque
443 1224 593 1251 aurora
614 1209 712 1265 polo
737 1210 967 1251 dimoverat
991 1209 1195 1259 umbram,

100 1287 195 1314 cum
219 1271 356 1314 subito
382 1286 405 1313 e
427 1271 566 1322 silvis,
590 1272 723 1314 macie
748 1272 938 1314 confecta
963 1286 1169 1328 suprema,

99 1333 231 1390 ignoti
254 1348 364 1375 nova
386 1333 523 1375 forma
545 1333 623 1375 viri
646 1334 965 1389 miserandaque
990 1334 1104 1376 cultu

99 1395 286 1452 procedit
310 1395 568 1451 supplexque
591 1411 740 1437 manus
766 1396 820 1437 ad
842 1396 964 1438 litora
986 1396 1132 1438 tendit*

100 1457 357 1513 respicimus.
383 1457 473 1498 dira
495 1457 672 1499 inluvies
696 1458 952 1512 inmissaque
975 1457 1119 1508 barba,

101 1525 336 1562 consertum
361 1525 557 1576 tegumen
583 1519 732 1575 spinis3
759 1525 802 1561 at
826 1526 963 1561 cetera
988 1517 1142 1562 Graius

101 1589 143 1624 et
166 1582 376 1637 quondam
400 1581 544 1637 patriis
570 1582 623 1623 ad
649 1581 819 1624 Troiam
843 1582 997 1624 missus
1021 1582 1065 1624 in
1089 1583 1227 1624 armis.

100 1644 219 1699 isque
243 1644 315 1686 ubi
338 1644 576 1686 Dardanios
601 1644 767 1687 habitus
793 1650 834 1687 et
857 1645 985 1687 Troia
1008 1645 1111 1687 vidit

102 1721 218 1748 arma
239 1706 401 1762 procul,
426 1706 614 1762 paullum
638 1713 811 1762 aspectu
834 1707 1079 1749 conterritus
1105 1707 1251 1757 haesit,

79 1828 83 1831 .
103 1768 386 1822 continuitque
410 1768 605 1824 gradum3
630 1783 730 1810 mox
755 1784 847 1811 sese
871 1769 926 1811 ad
948 1769 1069 1812 litora
1090 1783 1291 1825 praeceps

103 1845 199 1871 cum
222 1830 322 1871 fletu
344 1829 621 1885 precibusque
649 1830 760 1872 tulit:
788 1846 888 1887 „per
912 1831 1049 1873 sidera
1072 1837 1212 1881 testor,

102 1905 177 1946 per
201 1906 373 1947 superos
398 1897 522 1946 atque
546 1891 626 1933 hoc
650 1892 753 1934 caeli
778 1892 972 1948 spirabile
995 1893 1149 1943 lumen,

103 1953 232 1995 tollite
256 1968 342 2004 me,
368 1953 520 1995 Teucri
527 1969 540 2005 ;
564 1968 849 2009 quascumque
873 1955 1066 1997 abducite
1091 1961 1234 2006 terras,

103 2014 183 2058 hoc
208 2022 273 2058 sat
296 2016 383 2058 erit.
410 2016 495 2058 scio
519 2031 586 2058 me
609 2016 772 2059 Danais
798 2032 820 2059 e
845 2017 1050 2060 classibus
1075 2032 1217 2068 unum,

105 2083 147 2119 et
168 2077 278 2120 bello
302 2078 454 2120 Iliacos
478 2077 612 2121 fateor
633 2079 806 2134 petiisse
828 2079 1024 2122 Penates.

104 2153 179 2195 pro
203 2154 304 2194 quo,
331 2140 367 2182 si
392 2139 557 2182 sceleris
582 2147 697 2182 tanta
720 2147 784 2183 est
806 2142 956 2184 iniuria
978 2143 1122 2192 nostri,

107 2201 287 2256 spargite
310 2216 377 2242 me
400 2202 446 2242 in
467 2201 637 2252 fluctus,
662 2210 864 2258 vastoque
887 2204 1106 2260 inmergite
1129 2210 1270 2259 ponto.

108 2262 143 2303 si
166 2276 309 2317 pere0,
334 2262 547 2303 hominum
571 2263 763 2306 manibus
787 2266 961 2320 periisse
984 2266 1184 2308 iuvabit.“

108 2324 287 2374 dixerat,
313 2331 354 2366 et
377 2339 515 2380 genua
538 2325 755 2380 amplexus
780 2327 1041 2382 genibusque
1066 2327 1259 2369 volutans

107 2384 315 2427 haerebat.
341 2385 413 2439 qui
437 2385 490 2427 sit
511 2385 609 2435 fari,
634 2400 717 2440 quo
743 2388 945 2443 sanguine
970 2395 1107 2430 cretus

108 2446 321 2488 hortamur
344 2461 450 2501 quae
474 2446 624 2487 deinde
649 2448 778 2503 agitet
800 2449 967 2491 fortuna
990 2450 1124 2491 fateri.

108 2508 198 2564 ipse
221 2515 340 2564 pater
362 2509 550 2550 dextram
574 2507 804 2559 Anchises,
829 2509 943 2551 haud
964 2510 1096 2552 multa
1118 2517 1316 2560 moratus,

109 2571 180 2612 dat
202 2570 360 2621 iuveni,
387 2576 510 2625 atque
535 2570 718 2611 animum
742 2571 951 2625 praesenti
972 2571 1145 2627 pignore
1169 2571 1317 2613 firmat.

109 2632 178 2674 ille
200 2631 305 2674 haec
329 2632 519 2688 deposita
542 2632 710 2673 tandem
733 2632 953 2674 formidine
977 2633 1106 2674 fatur:

113 2708 231 2745 „sum
254 2694 388 2750 patria
411 2709 463 2736 ex
486 2693 650 2744 Ithaca,
676 2707 816 2736 comes
839 2694 1016 2736 infelicis
1040 2694 1171 2744 Ulixi,

110 2756 274 2797 nomine
298 2755 624 2806 Achemenides,
651 2755 819 2798 Troiam
843 2757 1029 2812 genitore
1052 2756 1286 2799 Adamasto

184 2833 338 2868 Verqilins.

1195 2830 1243 2864 10

1382 285 1464 326 145

1492 663 1556 693 580

1493 974 1557 1003 55:55)

1495 1285 1560 1315 590

1496 1597 1561 1626 52⁹5

1498 1907 1563 1937 600

1499 2217 1563 2247 (505

1499 2525 1564 2555 610
