1780 3074
549 297 808 335 AENEIDOS
826 297 925 333 LIB.
944 298 989 334 V.

87 404 232 447 invitat
254 403 396 459 pretiis
422 403 581 445 animos
607 409 648 444 et
671 402 856 458 praemia
878 401 1006 457 ponit.

87 466 269 520 undique
293 465 543 508 conveniunt
566 464 718 506 Teucri
740 464 941 518 mixtique
967 462 1121 514 Sicani,

85 527 213 570 Nisus
238 534 279 570 et
301 527 511 582 Euryalus
535 526 670 582 primi,
731 571 734 572 γ

87 589 297 645 Euryalus
322 589 457 631 forma
478 588 655 645 insignis
679 587 884 642 viridique
907 588 1086 638 iuventa,

84 650 212 692 Nisus
237 665 376 692 amore
399 650 471 706 pio
493 650 631 706 pueri3
656 664 762 704 quos
787 650 937 692 deinde
962 656 1128 692 secutus

85 713 225 769 regius
250 713 420 771 egregia
442 712 600 754 Priami
623 712 676 753 de
701 712 827 767 stirpe
850 711 1026 763 Diores3

86 774 197 816 hune
223 773 363 817 Salius
388 774 512 817 simul
535 780 577 815 et
598 773 775 823 Patron,
801 788 979 827 quorum
1002 774 1106 816 alter
1126 774 1337 826 Acarnan,

88 835 190 877 alter
213 835 266 878 ab
289 835 472 877 Arcadio
497 835 716 891 Tegeaeae
740 835 942 891 sanguine
965 836 1122 892 gentis;

87 904 176 938 tum
200 897 282 939 duo
307 896 510 938 Trinacrii
532 897 724 946 iuvenes,
749 896 959 951 Helymus
983 897 1274 953 Panopesque,

88 958 250 1000 adsueti
274 957 409 1008 silvis,
434 957 605 1000 comites
630 957 803 999 senioris
826 957 1011 1003 Acestae
1018 975 1030 1010 3

87 1019 206 1061 multi
227 1026 458 1075 praeterea,
484 1034 589 1073 quos
613 1018 728 1060 sama
751 1018 930 1061 obscura
952 1021 1150 1063 recondit.

85 1082 254 1123 Aeneas
278 1080 429 1135 quibus
452 1081 497 1122 in
519 1081 667 1122 mediis
692 1081 753 1123 sie
776 1081 926 1123 deinde
948 1081 1133 1125 locutus:

88 1143 286 1199 „accipite
310 1143 413 1185 haec
436 1143 585 1185 animis
608 1143 823 1197 laetasque
846 1144 1048 1186 advertite
1071 1151 1245 1187 mentes.

86 1220 208 1247 nemo
233 1220 285 1246 ex
307 1205 387 1247 hoc
410 1219 583 1247 numero
606 1204 709 1246 mihi
731 1220 816 1247 non
839 1205 1016 1249 donatus
1042 1206 1183 1249 abibit.

89 1266 251 1309 Gnosia
273 1267 373 1309 bina
395 1267 504 1310 dabo
527 1267 666 1309 levato
688 1267 827 1310 lueida
850 1268 959 1311 ferro

88 1329 247 1384 spicula
270 1329 552 1384 caelatamque
576 1335 747 1385 argento
771 1329 879 1372 ferre
903 1330 1126 1386 bipennem
1133 1347 1144 1382 ;

87 1390 279 1433 omnibus
304 1390 372 1432 hie
396 1391 473 1433 erit
494 1405 603 1432 unus
627 1390 773 1433 honos.
798 1397 882 1434 tres
906 1392 1090 1447 praemia
1103 1393 1236 1448 'primi

88 1453 307 1509 accipient,
332 1453 522 1507 flavaque
546 1458 671 1507 caput
694 1458 910 1494 nectentur
933 1453 1053 1495 oliva.

87 1515 245 1570 primus
270 1529 425 1569 equum
446 1514 627 1570 phaleris
651 1513 859 1570 insignem
882 1514 1014 1557 victor
1036 1514 1201 1565 habeto,

87 1577 190 1618 alter
211 1576 490 1619 Amazoniam
512 1576 749 1632 pharetram
771 1576 1021 1631 plenamque
1046 1577 1207 1633 sagittis

88 1638 310 1690 Threiciis,
334 1638 418 1681 lato
442 1653 567 1693 quam
590 1638 939 1693 circumplectitur
962 1653 1063 1681 auro

87 1698 249 1742 balteus
274 1706 315 1742 et
338 1701 456 1742 tereti
480 1699 687 1742 subnectit
710 1699 839 1742 fibula
861 1715 1048 1756 gemma3

88 1762 232 1804 tertius
255 1761 458 1819 Argolica
479 1762 558 1804 hac
581 1762 703 1818 galea
725 1769 944 1805 contentus
969 1762 1121 1805 abit0.“

87 1823 191 1865 haee
213 1823 287 1866 ubi
310 1825 438 1875 dicta,
463 1825 601 1867 locum
626 1824 794 1879 capiunt
818 1824 1020 1881 signoque
1045 1831 1215 1880 repente

88 1885 313 1940 corripiunt
337 1887 471 1942 spatia
493 1887 635 1928 audito
657 1886 867 1940 limenque
889 1887 1140 1941 relinquunt,

88 1946 211 1988 effusi
233 1947 374 1990 nimbo
399 1948 574 1999 similes3
600 1947 723 1989 simul
748 1948 893 1990 ultima
916 1948 1095 2004 signant.

86 2009 244 2066 primus
269 2009 355 2052 abit
377 2010 581 2067 longeque
605 2017 700 2052 ante
725 2011 863 2052 omnia
887 2025 1060 2066 corpora
1082 2010 1209 2053 Nisus

89 2072 254 2122 emicat,
279 2078 321 2113 et
343 2073 477 2114 ventis
502 2078 543 2114 et
565 2071 752 2114 fulminis
777 2073 889 2115 ocior
912 2073 988 2115 alis
996 2090 1009 2124 3

38 2162 55 2169 s
87 2133 299 2188 proximus
323 2134 438 2184 huic,
463 2134 590 2190 longo
615 2134 690 2176 sed
712 2135 927 2189 proximus
951 2135 1181 2186 intervallo,

88 2195 318 2248 insequitur
344 2195 503 2247 Salius3
529 2196 663 2251 spatio
687 2203 782 2252 post
806 2197 956 2239 deinde
979 2197 1123 2239 relicto

91 2255 235 2297 tertius
259 2256 469 2311 Euryalus
477 2273 490 2307 ;

90 2315 404 2371 Euryalumque
427 2317 635 2373 Helymus
661 2320 866 2373 sequitur3
891 2336 974 2375 quo
999 2322 1148 2363 deinde
1174 2321 1252 2364 sub
1277 2322 1369 2377 ipso

93 2391 190 2418 ecce
213 2377 324 2420 volat
347 2378 584 2433 calcemque
609 2381 702 2422 terit
723 2381 808 2422 iam
831 2382 944 2423 calce
966 2382 1134 2432 Diores,

92 2438 335 2481 incumbens
359 2439 552 2491 humero;
577 2442 711 2495 spatia
734 2449 776 2483 et
799 2443 835 2483 si
857 2443 978 2498 plura
1002 2445 1222 2498 supersint,

93 2507 275 2552 transeat
299 2501 464 2558 elapsus
489 2502 618 2557 prior,
643 2502 969 2559 ambiguumque
991 2505 1209 2559 relinquat.

93 2562 257 2617 iamque
282 2562 370 2604 fere
394 2563 527 2618 spatio
551 2570 735 2606 extremo
759 2564 943 2618 fessique
968 2565 1046 2608 sub
1069 2565 1205 2621 ipsam

94 2623 219 2665 finem
242 2624 538 2675 adventabant,
563 2625 645 2666 levi
669 2640 765 2667 cum
789 2627 990 2682 sanguine
1014 2627 1142 2669 Nisus

94 2684 245 2727 labitur
266 2685 434 2737 infelix,
459 2687 592 2728 caesis
616 2693 662 2728 ut
684 2687 791 2730 forte
815 2688 1001 2731 iuvencis

97 2745 215 2790 fusus
238 2747 411 2790 humum
435 2749 659 2803 xiridisque
684 2764 808 2805 super
830 2751 1107 2793 madefecerat
1129 2751 1292 2795 herbas.

1477 601 1542 631 295

1479 912 1544 943 300

1479 1220 1543 1251 305

1481 1531 1546 1561 310

1481 1839 1546 1870 315

1482 2148 1547 2179 320

1480 2456 1545 2487 325

1477 2765 1542 2797 330
