1780 3074
570 292 828 331 AENEIDOS
845 293 944 330 LIB.
966 294 1008 331 V.

109 398 306 440 fundatur
328 396 483 439 Veneri
508 397 683 447 Idaliae,
709 396 952 451 tumuloque
978 396 1185 439 sacerdos.

108 475 157 502 ae
179 460 298 502 lucus
322 459 404 501 late
429 474 546 502 sacer
569 460 733 501 additur
755 458 984 502 Anchiseo.

163 522 337 576 Iamque
361 522 450 564 dies
475 522 641 578 epulata
663 536 815 564 novem
838 536 943 578 gens
968 521 1102 564 omnis
1127 526 1169 563 et
1192 521 1274 563 aris

107 584 243 626 faetus
266 584 418 626 honos:
441 583 597 640 placidi
620 590 854 626 straverunt
877 598 1058 638 aequora
1080 583 1207 633 venti,

107 645 251 688 creber
274 651 316 687 et
338 645 556 702 adspirans
580 661 724 688 rursus
748 651 872 688 vocat
896 651 1037 687 auster
1058 645 1104 687 in
1126 645 1269 687 altum.

108 709 290 751 exoritur
312 723 517 764 procurva
539 709 686 765 ingens
710 723 786 764 per
808 708 929 750 litora
951 708 1094 759 fletus3
1340 702 1345 706 ’

109 771 298 827 conplexi
321 771 428 812 inter
451 785 497 812 se
521 776 768 824 noctemque
793 770 986 824 diemque
1010 775 1235 812 morantur.

106 833 223 888 ipsae
246 833 330 874 iam
354 838 525 882 matres,
550 831 650 887 ipsi,
676 831 829 885 quibus
854 846 1003 887 aspera
1026 831 1236 886 quondam
1257 834 1259 836 ’

107 895 199 936 visa
221 894 347 936 maris
370 893 499 935 facies
525 900 566 935 et
589 908 673 935 non
696 892 910 935 tolerabile
932 908 1099 943 nomen,

107 957 167 998 ire
191 955 337 998 volunt
360 969 610 1009 omnemque
634 955 761 1011 fugae
783 954 966 1010 perferre
990 955 1189 997 laborem.

109 1033 215 1073 quos
239 1017 374 1060 bonus
398 1016 567 1059 Aeneas
593 1017 713 1059 dictis
739 1017 895 1058 solatur
918 1017 1063 1058 amieis

108 1085 151 1122 et
174 1079 483 1136 consanguineo
506 1078 727 1121 lacrimans
753 1079 1017 1120 commendat
1039 1077 1236 1120 Acestae.

107 1148 190 1182 tres
214 1140 344 1197 Eryci
367 1141 518 1182 vitulos
544 1147 586 1183 et
608 1140 948 1196 Tempestatibus
972 1156 1126 1197 agnam

107 1203 279 1245 caedere
303 1203 452 1245 deinde
475 1203 610 1253 iubet,
635 1203 823 1257 solvique
848 1218 901 1244 ex
924 1203 1068 1245 ordine
1092 1202 1248 1244 funem.

107 1265 216 1321 ipse,
242 1271 366 1320 caput
389 1271 534 1307 tonsae
559 1265 668 1307 foliis
693 1265 882 1307 evinctus
908 1265 1055 1315 olivae,

110 1334 223 1370 stans
247 1327 391 1382 procul
416 1327 458 1368 in
481 1342 602 1382 prora
624 1333 813 1382 pateram
836 1333 965 1377 tenet,
993 1333 1171 1386 extaque
1196 1326 1327 1368 salsos

109 1389 277 1446 porrieit
300 1389 344 1430 in
367 1389 517 1431 fluctus
542 1404 591 1430 ac
614 1389 713 1430 vina
736 1389 937 1443 liquentia
960 1390 1111 1431 fundit.

109 1450 373 1507 prosequitur
396 1465 572 1506 surgens
597 1466 622 1492 a
650 1450 782 1506 puppi
805 1456 955 1492 ventus
980 1451 1129 1492 euntis.

110 1513 297 1555 certatim
321 1513 423 1555 socii
447 1513 602 1554 feriunt
624 1527 738 1553 mare
763 1518 804 1554 et
827 1527 1009 1566 aequora
1032 1519 1213 1554 verrunt.

168 1574 228 1616 At
252 1574 397 1617 Venus
422 1575 579 1616 interea
601 1574 843 1629 Neptunum
868 1574 1049 1616 exercita
1072 1574 1182 1616 curis

111 1637 363 1691 adloquitur,
389 1637 566 1691 talisque
590 1637 765 1678 effundit
787 1643 954 1692 pectore
979 1644 1170 1691 questus:

113 1699 311 1752 „Iunonis
335 1699 475 1755 gravis
499 1699 562 1740 ira
584 1713 661 1740 nec
685 1698 962 1740 exsaturabile
985 1705 1132 1753 peetus

111 1768 266 1818 cogunt
289 1775 375 1811 me,
399 1760 611 1815 Neptune,
637 1775 782 1815 preces
807 1760 1058 1802 descendere
1082 1761 1125 1802 in
1151 1760 1307 1810 omnis3

112 1838 237 1877 quam
260 1837 339 1863 nec
361 1821 488 1878 longa
511 1822 619 1872 dies,
644 1822 778 1878 pietas
803 1837 880 1864 nee
904 1822 1067 1878 mitigat
1090 1822 1188 1872 ulla,

112 1898 189 1926 nec
212 1883 326 1925 Iovis
350 1883 525 1939 imperio
549 1883 730 1938 fatisque
752 1883 931 1925 infracta
954 1883 1143 1938 quiescit.

113 1961 196 1987 non
219 1945 356 1986 media
379 1945 430 1986 de
454 1952 579 2001 gente
602 1944 823 2002 Phrygum
846 1946 1037 1988 exedisse
1061 1945 1254 1987 nefandis

111 2007 258 2050 urbem
281 2007 387 2049 odiis
413 2007 513 2049 satis
538 2013 619 2058 est,
645 2022 724 2050 nec
745 2022 925 2064 poenam
949 2014 1065 2050 traxe
1088 2022 1164 2063 per
1186 2022 1370 2049 omnem·

112 2069 306 2123 reliquias
332 2068 501 2119 Troiae,
528 2069 687 2112 cineres
713 2076 838 2125 atque
862 2085 960 2112 ossa
983 2076 1223 2126 peremptae

114 2131 355 2185 insequitur.
381 2145 552 2172 caussas
576 2132 680 2173 tanti
705 2132 808 2174 sciat
831 2132 902 2174 illa
924 2132 1091 2174 furoris.

114 2193 205 2248 ipse
227 2192 330 2233 mihi
350 2207 483 2247 nuper
505 2193 681 2248 Libyeis
705 2200 751 2235 tu
774 2195 891 2236 testis
915 2194 959 2235 in
982 2194 1105 2235 undis

115 2268 241 2307 quam
264 2253 417 2294 molem
442 2254 579 2295 subito
604 2255 789 2296 excierit:
815 2255 945 2296 maria
969 2255 1108 2296 omnia
1132 2255 1247 2296 caelo

116 2313 301 2362 miscuit,
326 2312 487 2355 Aeoliis
511 2315 763 2368 nequiquam
786 2315 893 2357 freta
915 2316 1121 2371 procellis,

116 2375 160 2415 in
182 2374 322 2430 regnis
346 2374 427 2416 hoe
450 2390 553 2416 ausa
576 2376 670 2416 tuis.

117 2451 192 2491 per
215 2435 351 2478 scelus
376 2449 472 2477 eece
497 2436 621 2477 etiam
646 2436 838 2479 Troianis
863 2437 1063 2479 matribus
1089 2438 1191 2479 actis

119 2497 278 2539 exussit
300 2497 422 2539 foede
444 2497 597 2552 puppis
623 2504 664 2538 et
687 2497 821 2539 classe
846 2497 1012 2554 subegit

119 2559 273 2600 amissa
297 2559 431 2601 socios
455 2559 621 2615 ignotae
644 2559 830 2613 linquere
855 2565 998 2601 terrae.

119 2620 231 2674 quod
256 2626 462 2676 superest,
488 2635 579 2671 oro,
604 2620 732 2663 libeat
756 2621 853 2663 dare
878 2628 966 2663 tuta
988 2635 1063 2676 per
1085 2621 1218 2663 undas

119 2681 213 2723 vela
235 2681 328 2732 tibi,
352 2682 474 2724 liceat
496 2683 753 2724 Laurentem
777 2683 978 2739 attingere
1003 2682 1218 2738 Thybrim,

122 2742 158 2783 si
181 2756 379 2785 concessa
401 2751 516 2799 peto,
543 2745 579 2786 si
603 2744 702 2786 dant
726 2759 776 2786 ea
798 2745 962 2787 moenia
985 2744 1182 2786 Parcae.“

1392 283 1470 325 187

1502 406 1567 438 760

1504 718 1567 748 765

1506 1028 1570 1058 770

1506 1339 1569 1369 775

1507 1649 1572 1680 780

1508 1958 1572 1988 785

1508 2267 1573 2298 790
