<?xml version="1.0" encoding="UTF-8"?>
<!DOCTYPE html PUBLIC "-//W3C//DTD XHTML 1.0 Transitional//EN"
    "http://www.w3.org/TR/xhtml1/DTD/xhtml1-transitional.dtd">
<html xmlns="http://www.w3.org/1999/xhtml" xml:lang="en" lang="en">
 <head>
  <title>
</title>
<meta http-equiv="Content-Type" content="text/html;charset=utf-8" />
  <meta name='ocr-system' content='tesseract 3.04.00' />
  <meta name='ocr-capabilities' content='ocr_page ocr_carea ocr_par ocr_line ocrx_word'/>
</head>
<body>
  <div class='ocr_page' id='page_1' title='image "./operavirg00virguoft_0164.png"; bbox 0 0 1794 3048; ppageno 0'>
   <div class='ocr_carea' id='block_1_1' title="bbox 388 307 1319 351">
    <p class='ocr_par' dir='ltr' id='par_1_1' title="bbox 388 307 1319 351">
     <span class='ocr_line' id='line_1_1' title="bbox 388 307 1319 351; baseline 0.001 -3"><span class='ocrx_word' id='word_1_1' title='bbox 388 307 466 348; x_wconf 80' lang='grc'>132</span> <span class='ocrx_word' id='word_1_2' title='bbox 784 315 825 348; x_wconf 94' lang='grc' dir='ltr'>Ρ.</span> <span class='ocrx_word' id='word_1_3' title='bbox 845 312 1075 349; x_wconf 82' lang='lat' dir='ltr'>VERGILII</span> <span class='ocrx_word' id='word_1_4' title='bbox 1095 312 1319 351; x_wconf 80' lang='lat' dir='ltr'>MARONIS</span> 
     </span>
    </p>
   </div>
   <div class='ocr_carea' id='block_1_2' title="bbox 293 413 1794 2773">
    <p class='ocr_par' dir='ltr' id='par_1_2' title="bbox 439 413 1517 469">
     <span class='ocr_line' id='line_1_2' title="bbox 439 413 1517 469; baseline 0.001 -13"><span class='ocrx_word' id='word_1_5' title='bbox 439 415 559 465; x_wconf 89' lang='lat' dir='ltr'>Inde,</span> <span class='ocrx_word' id='word_1_6' title='bbox 583 414 654 456; x_wconf 91' lang='lat' dir='ltr'>ubi</span> <span class='ocrx_word' id='word_1_7' title='bbox 677 415 808 469; x_wconf 88' lang='lat' dir='ltr'>prima</span> <span class='ocrx_word' id='word_1_8' title='bbox 829 413 932 454; x_wconf 88' lang='lat' dir='ltr'>fides</span> <span class='ocrx_word' id='word_1_9' title='bbox 955 413 1120 469; x_wconf 81' lang='lat' dir='ltr'>pelago,</span> <span class='ocrx_word' id='word_1_10' title='bbox 1145 414 1384 468; x_wconf 87' lang='lat' dir='ltr'>placataque</span> <span class='ocrx_word' id='word_1_11' title='bbox 1407 417 1517 457; x_wconf 79' lang='lat' dir='ltr'>venti</span> 
     </span>
    </p>

    <p class='ocr_par' dir='ltr' id='par_1_3' title="bbox 319 473 1575 589">
     <span class='ocr_line' id='line_1_3' title="bbox 319 473 1575 528; baseline -0.002 -9"><span class='ocrx_word' id='word_1_12' title='bbox 319 490 360 519; x_wconf 87' lang='lat'>70</span> <span class='ocrx_word' id='word_1_13' title='bbox 384 477 481 517; x_wconf 87' lang='lat' dir='ltr'>dant</span> <span class='ocrx_word' id='word_1_14' title='bbox 504 476 631 517; x_wconf 88' lang='lat' dir='ltr'>maria</span> <span class='ocrx_word' id='word_1_15' title='bbox 654 482 694 516; x_wconf 88' lang='lat' dir='ltr'>et</span> <span class='ocrx_word' id='word_1_16' title='bbox 716 475 818 516; x_wconf 89' lang='lat' dir='ltr'>lenis</span> <span class='ocrx_word' id='word_1_17' title='bbox 843 473 1043 528; x_wconf 84' lang='lat' dir='ltr'><strong>crepitans</strong></span> <span class='ocrx_word' id='word_1_18' title='bbox 1068 481 1187 516; x_wconf 89' lang='lat' dir='ltr'>vocat</span> <span class='ocrx_word' id='word_1_19' title='bbox 1210 481 1346 516; x_wconf 89' lang='lat' dir='ltr'>auster</span> <span class='ocrx_word' id='word_1_20' title='bbox 1367 475 1411 516; x_wconf 92' lang='lat' dir='ltr'>in</span> <span class='ocrx_word' id='word_1_21' title='bbox 1435 476 1575 526; x_wconf 90' lang='lat' dir='ltr'>altum,</span> 
     </span>
     <span class='ocr_line' id='line_1_4' title="bbox 384 534 1289 589; baseline -0.002 -12"><span class='ocrx_word' id='word_1_22' title='bbox 384 537 589 577; x_wconf 91' lang='lat' dir='ltr'>deducunt</span> <span class='ocrx_word' id='word_1_23' title='bbox 613 535 713 576; x_wconf 88' lang='lat' dir='ltr'>socii</span> <span class='ocrx_word' id='word_1_24' title='bbox 736 549 862 576; x_wconf 91' lang='lat' dir='ltr'>naves</span> <span class='ocrx_word' id='word_1_25' title='bbox 887 540 927 576; x_wconf 92' lang='lat' dir='ltr'>et</span> <span class='ocrx_word' id='word_1_26' title='bbox 949 534 1066 576; x_wconf 92' lang='lat' dir='ltr'>litora</span> <span class='ocrx_word' id='word_1_27' title='bbox 1089 535 1289 589; x_wconf 79' lang='lat' dir='ltr'>conplent.</span> 
     </span>
    </p>

    <p class='ocr_par' dir='ltr' id='par_1_4' title="bbox 293 596 1492 773">
     <span class='ocr_line' id='line_1_5' title="bbox 293 596 1492 652; baseline 0 -15"><span class='ocrx_word' id='word_1_28' title='bbox 293 611 310 632; x_wconf 70' lang='lat' dir='ltr'>t</span> <span class='ocrx_word' id='word_1_29' title='bbox 383 596 642 652; x_wconf 85' lang='lat' dir='ltr'><strong>provehimur</strong></span> <span class='ocrx_word' id='word_1_30' title='bbox 664 602 801 650; x_wconf 89' lang='lat' dir='ltr'>portu,</span> <span class='ocrx_word' id='word_1_31' title='bbox 827 601 1037 649; x_wconf 83' lang='lat' dir='ltr'>terraeque</span> <span class='ocrx_word' id='word_1_32' title='bbox 1060 596 1264 649; x_wconf 79' lang='lat' dir='ltr'>urbesque</span> <span class='ocrx_word' id='word_1_33' title='bbox 1286 596 1492 637; x_wconf 88' lang='lat' dir='ltr'>recedunt.</span> 
     </span>
     <span class='ocr_line' id='line_1_6' title="bbox 384 656 1345 712; baseline 0 -14"><span class='ocrx_word' id='word_1_34' title='bbox 384 671 500 698; x_wconf 89' lang='lat' dir='ltr'>sacra</span> <span class='ocrx_word' id='word_1_35' title='bbox 522 657 624 698; x_wconf 88' lang='lat' dir='ltr'>mari</span> <span class='ocrx_word' id='word_1_36' title='bbox 648 657 791 698; x_wconf 90' lang='lat' dir='ltr'>colitur</span> <span class='ocrx_word' id='word_1_37' title='bbox 813 656 947 697; x_wconf 91' lang='lat' dir='ltr'>medio</span> <span class='ocrx_word' id='word_1_38' title='bbox 970 656 1203 712; x_wconf 85' lang='lat' dir='ltr'>gratissima</span> <span class='ocrx_word' id='word_1_39' title='bbox 1227 656 1345 698; x_wconf 90' lang='lat' dir='ltr'>tellus</span> 
     </span>
     <span class='ocr_line' id='line_1_7' title="bbox 382 716 1230 773; baseline 0.001 -15"><span class='ocrx_word' id='word_1_40' title='bbox 382 718 603 759; x_wconf 85' lang='lat' dir='ltr'>Nereidum</span> <span class='ocrx_word' id='word_1_41' title='bbox 627 717 745 758; x_wconf 87' lang='lat' dir='ltr'>matri</span> <span class='ocrx_word' id='word_1_42' title='bbox 768 723 809 758; x_wconf 91' lang='lat' dir='ltr'>et</span> <span class='ocrx_word' id='word_1_43' title='bbox 830 716 1022 771; x_wconf 81' lang='lat' dir='ltr'>Neptuno</span> <span class='ocrx_word' id='word_1_44' title='bbox 1045 716 1230 773; x_wconf 91' lang='lat' dir='ltr'>Aegaeo,</span> 
     </span>
    </p>

    <p class='ocr_par' dir='ltr' id='par_1_5' title="bbox 318 778 1451 1076">
     <span class='ocr_line' id='line_1_8' title="bbox 318 778 1390 833; baseline -0.003 -11"><span class='ocrx_word' id='word_1_45' title='bbox 318 792 359 822; x_wconf 86' lang='lat'>75</span> <span class='ocrx_word' id='word_1_46' title='bbox 383 793 506 832; x_wconf 91' lang='lat' dir='ltr'>quam</span> <span class='ocrx_word' id='word_1_47' title='bbox 528 779 620 833; x_wconf 87' lang='lat' dir='ltr'>pius</span> <span class='ocrx_word' id='word_1_48' title='bbox 645 778 890 819; x_wconf 82' lang='lat' dir='ltr'>Arcitenens</span> <span class='ocrx_word' id='word_1_49' title='bbox 916 792 1007 819; x_wconf 89' lang='lat' dir='ltr'>oras</span> <span class='ocrx_word' id='word_1_50' title='bbox 1032 784 1073 819; x_wconf 87' lang='lat' dir='ltr'>et</span> <span class='ocrx_word' id='word_1_51' title='bbox 1094 778 1212 819; x_wconf 90' lang='lat' dir='ltr'>litora</span> <span class='ocrx_word' id='word_1_52' title='bbox 1236 778 1390 819; x_wconf 90' lang='lat' dir='ltr'>circum</span> 
     </span>
     <span class='ocr_line' id='line_1_9' title="bbox 383 837 1376 894; baseline -0.001 -14"><span class='ocrx_word' id='word_1_53' title='bbox 383 845 583 880; x_wconf 86' lang='lat' dir='ltr'>errantem</span> <span class='ocrx_word' id='word_1_54' title='bbox 605 838 786 894; x_wconf 90' lang='lat' dir='ltr'>Mycono</span> <span class='ocrx_word' id='word_1_55' title='bbox 811 838 921 879; x_wconf 88' lang='lat' dir='ltr'>celsa</span> <span class='ocrx_word' id='word_1_56' title='bbox 945 837 1166 894; x_wconf 83' lang='lat' dir='ltr'>Gyaroque</span> <span class='ocrx_word' id='word_1_57' title='bbox 1189 839 1376 888; x_wconf 82' lang='lat' dir='ltr'>revinxit,</span> 
     </span>
     <span class='ocr_line' id='line_1_10' title="bbox 382 899 1421 953; baseline 0 -13"><span class='ocrx_word' id='word_1_58' title='bbox 382 900 658 953; x_wconf 91' lang='lat' dir='ltr'>inmotamque</span> <span class='ocrx_word' id='word_1_59' title='bbox 682 899 760 940; x_wconf 91' lang='lat' dir='ltr'>coli</span> <span class='ocrx_word' id='word_1_60' title='bbox 783 899 895 940; x_wconf 88' lang='lat' dir='ltr'>dedit</span> <span class='ocrx_word' id='word_1_61' title='bbox 918 905 958 940; x_wconf 91' lang='lat' dir='ltr'>et</span> <span class='ocrx_word' id='word_1_62' title='bbox 982 905 1239 940; x_wconf 87' lang='lat' dir='ltr'>contemnere</span> <span class='ocrx_word' id='word_1_63' title='bbox 1262 905 1421 940; x_wconf 87' lang='lat' dir='ltr'>ventos.</span> 
     </span>
     <span class='ocr_line' id='line_1_11' title="bbox 381 960 1451 1015; baseline 0 -14"><span class='ocrx_word' id='word_1_64' title='bbox 381 961 463 1002; x_wconf 90' lang='lat' dir='ltr'>huc</span> <span class='ocrx_word' id='word_1_65' title='bbox 486 961 611 1011; x_wconf 84' lang='lat' dir='ltr'>feror3</span> <span class='ocrx_word' id='word_1_66' title='bbox 637 960 739 1002; x_wconf 91' lang='lat' dir='ltr'>haec</span> <span class='ocrx_word' id='word_1_67' title='bbox 762 960 895 1002; x_wconf 88' lang='lat' dir='ltr'>fessos</span> <span class='ocrx_word' id='word_1_68' title='bbox 920 966 1008 1001; x_wconf 89' lang='lat' dir='ltr'>tuto</span> <span class='ocrx_word' id='word_1_69' title='bbox 1030 960 1308 1015; x_wconf 86' lang='lat' dir='ltr'>placidissima</span> <span class='ocrx_word' id='word_1_70' title='bbox 1330 966 1451 1015; x_wconf 87' lang='lat' dir='ltr'>portu</span> 
     </span>
     <span class='ocr_line' id='line_1_12' title="bbox 382 1020 1393 1076; baseline -0.001 -14"><span class='ocrx_word' id='word_1_71' title='bbox 382 1021 540 1076; x_wconf 85' lang='lat' dir='ltr'>accipit.</span> <span class='ocrx_word' id='word_1_72' title='bbox 566 1022 721 1076; x_wconf 84' lang='lat' dir='ltr'>egressi</span> <span class='ocrx_word' id='word_1_73' title='bbox 747 1036 986 1062; x_wconf 88' lang='lat' dir='ltr'>veneramur</span> <span class='ocrx_word' id='word_1_74' title='bbox 1008 1020 1214 1076; x_wconf 87' lang='lat' dir='ltr'>Apollinis</span> <span class='ocrx_word' id='word_1_75' title='bbox 1238 1021 1393 1062; x_wconf 90' lang='lat' dir='ltr'>urbem.</span> 
     </span>
    </p>

    <p class='ocr_par' dir='ltr' id='par_1_6' title="bbox 316 1081 1583 1320">
     <span class='ocr_line' id='line_1_13' title="bbox 316 1081 1583 1135; baseline -0.002 -10"><span class='ocrx_word' id='word_1_76' title='bbox 316 1096 358 1126; x_wconf 80' lang='lat'>80</span> <span class='ocrx_word' id='word_1_77' title='bbox 381 1097 454 1123; x_wconf 87' lang='lat' dir='ltr'>rex</span> <span class='ocrx_word' id='word_1_78' title='bbox 476 1082 631 1132; x_wconf 89' lang='lat' dir='ltr'>Anius,</span> <span class='ocrx_word' id='word_1_79' title='bbox 655 1097 729 1123; x_wconf 85' lang='lat' dir='ltr'>rex</span> <span class='ocrx_word' id='word_1_80' title='bbox 751 1082 860 1122; x_wconf 89' lang='lat' dir='ltr'>idem</span> <span class='ocrx_word' id='word_1_81' title='bbox 883 1081 1094 1122; x_wconf 89' lang='lat' dir='ltr'>hominum</span> <span class='ocrx_word' id='word_1_82' title='bbox 1117 1081 1356 1135; x_wconf 90' lang='lat' dir='ltr'>Phoebique</span> <span class='ocrx_word' id='word_1_83' title='bbox 1381 1081 1583 1130; x_wconf 87' lang='lat' dir='ltr'>sacerdos,</span> 
     </span>
     <span class='ocr_line' id='line_1_14' title="bbox 382 1142 1287 1196; baseline 0 -13"><span class='ocrx_word' id='word_1_84' title='bbox 382 1143 492 1184; x_wconf 86' lang='lat' dir='ltr'>vittis</span> <span class='ocrx_word' id='word_1_85' title='bbox 517 1148 558 1184; x_wconf 92' lang='lat' dir='ltr'>et</span> <span class='ocrx_word' id='word_1_86' title='bbox 581 1157 697 1184; x_wconf 87' lang='lat' dir='ltr'>sacra</span> <span class='ocrx_word' id='word_1_87' title='bbox 719 1142 931 1184; x_wconf 89' lang='lat' dir='ltr'>redimitus</span> <span class='ocrx_word' id='word_1_88' title='bbox 954 1147 1138 1196; x_wconf 89' lang='lat' dir='ltr'>tempora</span> <span class='ocrx_word' id='word_1_89' title='bbox 1160 1142 1287 1192; x_wconf 88' lang='lat' dir='ltr'>lauro,</span> 
     </span>
     <span class='ocr_line' id='line_1_15' title="bbox 383 1202 1444 1258; baseline -0.001 -13"><span class='ocrx_word' id='word_1_90' title='bbox 383 1204 573 1253; x_wconf 84' lang='lat' dir='ltr'>accurrit3</span> <span class='ocrx_word' id='word_1_91' title='bbox 598 1210 777 1245; x_wconf 90' lang='lat' dir='ltr'>veterem</span> <span class='ocrx_word' id='word_1_92' title='bbox 800 1202 1014 1244; x_wconf 88' lang='lat' dir='ltr'>Anchisen</span> <span class='ocrx_word' id='word_1_93' title='bbox 1038 1203 1233 1258; x_wconf 85' lang='lat' dir='ltr'>adgnovit</span> <span class='ocrx_word' id='word_1_94' title='bbox 1256 1204 1444 1244; x_wconf 90' lang='lat' dir='ltr'>amicum.</span> 
     </span>
     <span class='ocr_line' id='line_1_16' title="bbox 382 1263 1394 1320; baseline 0 -15"><span class='ocrx_word' id='word_1_95' title='bbox 382 1265 590 1320; x_wconf 89' lang='lat' dir='ltr'>iungimus</span> <span class='ocrx_word' id='word_1_96' title='bbox 614 1265 791 1319; x_wconf 87' lang='lat' dir='ltr'>hospitio</span> <span class='ocrx_word' id='word_1_97' title='bbox 815 1265 977 1305; x_wconf 86' lang='lat' dir='ltr'>dextras</span> <span class='ocrx_word' id='word_1_98' title='bbox 1003 1270 1044 1305; x_wconf 90' lang='lat' dir='ltr'>et</span> <span class='ocrx_word' id='word_1_99' title='bbox 1066 1270 1173 1305; x_wconf 88' lang='lat' dir='ltr'>tecta</span> <span class='ocrx_word' id='word_1_100' title='bbox 1197 1263 1394 1305; x_wconf 84' lang='lat' dir='ltr'>subimus.</span> 
     </span>
    </p>

    <p class='ocr_par' dir='ltr' id='par_1_7' title="bbox 434 1324 1447 1380">
     <span class='ocr_line' id='line_1_17' title="bbox 434 1324 1447 1380; baseline 0 -14"><span class='ocrx_word' id='word_1_101' title='bbox 434 1325 608 1380; x_wconf 88' lang='lat' dir='ltr'>Templa</span> <span class='ocrx_word' id='word_1_102' title='bbox 631 1325 698 1366; x_wconf 89' lang='lat' dir='ltr'>dei</span> <span class='ocrx_word' id='word_1_103' title='bbox 722 1339 822 1366; x_wconf 88' lang='lat' dir='ltr'>saxo</span> <span class='ocrx_word' id='word_1_104' title='bbox 845 1324 1070 1365; x_wconf 89' lang='lat' dir='ltr'>venerabar</span> <span class='ocrx_word' id='word_1_105' title='bbox 1093 1330 1246 1365; x_wconf 87' lang='lat' dir='ltr'>structa</span> <span class='ocrx_word' id='word_1_106' title='bbox 1268 1330 1447 1366; x_wconf 87' lang='lat' dir='ltr'>vetusto:</span> 
     </span>
    </p>

    <p class='ocr_par' dir='ltr' id='par_1_8' title="bbox 316 1384 1630 1684">
     <span class='ocr_line' id='line_1_18' title="bbox 316 1384 1630 1441; baseline -0.001 -13"><span class='ocrx_word' id='word_1_107' title='bbox 316 1399 359 1429; x_wconf 86' lang='lat'>85</span> <span class='ocrx_word' id='word_1_108' title='bbox 385 1387 463 1437; x_wconf 87' lang='lat' dir='ltr'>„da</span> <span class='ocrx_word' id='word_1_109' title='bbox 484 1386 709 1441; x_wconf 85' lang='lat' dir='ltr'>propriam,</span> <span class='ocrx_word' id='word_1_110' title='bbox 736 1384 1014 1439; x_wconf 86' lang='lat' dir='ltr'>Thymbraee,</span> <span class='ocrx_word' id='word_1_111' title='bbox 1039 1385 1224 1435; x_wconf 85' lang='lat' dir='ltr'>domum3</span> <span class='ocrx_word' id='word_1_112' title='bbox 1250 1385 1302 1426; x_wconf 91' lang='lat' dir='ltr'>da</span> <span class='ocrx_word' id='word_1_113' title='bbox 1324 1385 1485 1426; x_wconf 91' lang='lat' dir='ltr'>moenia</span> <span class='ocrx_word' id='word_1_114' title='bbox 1508 1385 1630 1427; x_wconf 89' lang='lat' dir='ltr'>fessis</span> 
     </span>
     <span class='ocr_line' id='line_1_19' title="bbox 384 1445 1548 1502; baseline 0.001 -15"><span class='ocrx_word' id='word_1_115' title='bbox 384 1453 423 1487; x_wconf 92' lang='lat' dir='ltr'>et</span> <span class='ocrx_word' id='word_1_116' title='bbox 446 1461 576 1502; x_wconf 88' lang='lat' dir='ltr'>genus</span> <span class='ocrx_word' id='word_1_117' title='bbox 602 1452 641 1487; x_wconf 91' lang='lat' dir='ltr'>et</span> <span class='ocrx_word' id='word_1_118' title='bbox 665 1461 900 1487; x_wconf 85' lang='lat' dir='ltr'>mansuram</span> <span class='ocrx_word' id='word_1_119' title='bbox 922 1445 1065 1487; x_wconf 88' lang='lat' dir='ltr'>urbem</span> <span class='ocrx_word' id='word_1_120' title='bbox 1073 1462 1084 1497; x_wconf 94' lang='lat'>;</span> <span class='ocrx_word' id='word_1_121' title='bbox 1110 1460 1228 1487; x_wconf 89' lang='lat' dir='ltr'>serva</span> <span class='ocrx_word' id='word_1_122' title='bbox 1251 1446 1377 1487; x_wconf 87' lang='lat' dir='ltr'>altera</span> <span class='ocrx_word' id='word_1_123' title='bbox 1400 1446 1548 1488; x_wconf 87' lang='lat' dir='ltr'>Troiae</span> 
     </span>
     <span class='ocr_line' id='line_1_20' title="bbox 383 1506 1552 1562; baseline 0 -14"><span class='ocrx_word' id='word_1_124' title='bbox 383 1507 605 1562; x_wconf 86' lang='lat' dir='ltr'>Pergama,</span> <span class='ocrx_word' id='word_1_125' title='bbox 630 1507 821 1560; x_wconf 86' lang='lat' dir='ltr'>reliquias</span> <span class='ocrx_word' id='word_1_126' title='bbox 845 1506 1041 1548; x_wconf 90' lang='lat' dir='ltr'>Danaum</span> <span class='ocrx_word' id='word_1_127' title='bbox 1065 1513 1186 1561; x_wconf 90' lang='lat' dir='ltr'>atque</span> <span class='ocrx_word' id='word_1_128' title='bbox 1209 1507 1361 1548; x_wconf 88' lang='lat' dir='ltr'>inmitis</span> <span class='ocrx_word' id='word_1_129' title='bbox 1385 1506 1552 1549; x_wconf 90' lang='lat' dir='ltr'>Achilli.</span> 
     </span>
     <span class='ocr_line' id='line_1_21' title="bbox 383 1567 1604 1622; baseline 0.001 -14"><span class='ocrx_word' id='word_1_130' title='bbox 383 1582 506 1620; x_wconf 93' lang='lat' dir='ltr'>quem</span> <span class='ocrx_word' id='word_1_131' title='bbox 530 1567 763 1622; x_wconf 85' lang='lat' dir='ltr'>sequimur?</span> <span class='ocrx_word' id='word_1_132' title='bbox 785 1581 918 1621; x_wconf 91' lang='lat' dir='ltr'>quove</span> <span class='ocrx_word' id='word_1_133' title='bbox 942 1568 1000 1609; x_wconf 90' lang='lat' dir='ltr'>ire</span> <span class='ocrx_word' id='word_1_134' title='bbox 1023 1567 1167 1609; x_wconf 87' lang='lat' dir='ltr'>iubes?</span> <span class='ocrx_word' id='word_1_135' title='bbox 1191 1567 1262 1609; x_wconf 95' lang='lat' dir='ltr'>ubi</span> <span class='ocrx_word' id='word_1_136' title='bbox 1284 1582 1435 1622; x_wconf 92' lang='lat' dir='ltr'>ponere</span> <span class='ocrx_word' id='word_1_137' title='bbox 1460 1568 1604 1609; x_wconf 79' lang='lat' dir='ltr'>sedes?</span> 
     </span>
     <span class='ocr_line' id='line_1_22' title="bbox 383 1629 1605 1684; baseline 0 -14"><span class='ocrx_word' id='word_1_138' title='bbox 383 1630 453 1678; x_wconf 89' lang='lat' dir='ltr'>da,</span> <span class='ocrx_word' id='word_1_139' title='bbox 478 1635 610 1683; x_wconf 90' lang='lat' dir='ltr'>pater,</span> <span class='ocrx_word' id='word_1_140' title='bbox 637 1629 872 1684; x_wconf 88' lang='lat' dir='ltr'>augurium,</span> <span class='ocrx_word' id='word_1_141' title='bbox 898 1634 1019 1682; x_wconf 90' lang='lat' dir='ltr'>atque</span> <span class='ocrx_word' id='word_1_142' title='bbox 1043 1629 1188 1670; x_wconf 85' lang='lat' dir='ltr'>animis</span> <span class='ocrx_word' id='word_1_143' title='bbox 1211 1629 1391 1670; x_wconf 87' lang='lat' dir='ltr'>inlabere</span> <span class='ocrx_word' id='word_1_144' title='bbox 1414 1629 1605 1670; x_wconf 88' lang='lat' dir='ltr'>nostris.“</span> 
     </span>
    </p>

    <p class='ocr_par' dir='ltr' id='par_1_9' title="bbox 318 1689 1550 1988">
     <span class='ocr_line' id='line_1_23' title="bbox 318 1689 1550 1745; baseline -0.002 -12"><span class='ocrx_word' id='word_1_145' title='bbox 318 1703 360 1734; x_wconf 86' lang='lat'>90</span> <span class='ocrx_word' id='word_1_146' title='bbox 438 1689 523 1731; x_wconf 87' lang='lat' dir='ltr'>Vix</span> <span class='ocrx_word' id='word_1_147' title='bbox 547 1705 596 1731; x_wconf 89' lang='lat' dir='ltr'>ea</span> <span class='ocrx_word' id='word_1_148' title='bbox 618 1690 728 1731; x_wconf 87' lang='lat' dir='ltr'>fatus</span> <span class='ocrx_word' id='word_1_149' title='bbox 753 1704 882 1731; x_wconf 86' lang='lat' dir='ltr'>eram:</span> <span class='ocrx_word' id='word_1_150' title='bbox 907 1696 1079 1731; x_wconf 89' lang='lat' dir='ltr'>tremere</span> <span class='ocrx_word' id='word_1_151' title='bbox 1102 1691 1238 1731; x_wconf 88' lang='lat' dir='ltr'>omnia</span> <span class='ocrx_word' id='word_1_152' title='bbox 1260 1691 1351 1732; x_wconf 88' lang='lat' dir='ltr'>visa</span> <span class='ocrx_word' id='word_1_153' title='bbox 1371 1697 1550 1745; x_wconf 88' lang='lat' dir='ltr'>repente,</span> 
     </span>
     <span class='ocr_line' id='line_1_24' title="bbox 383 1751 1347 1805; baseline 0.001 -14"><span class='ocrx_word' id='word_1_154' title='bbox 383 1751 603 1804; x_wconf 90' lang='lat' dir='ltr'>liminaque</span> <span class='ocrx_word' id='word_1_155' title='bbox 626 1751 846 1805; x_wconf 86' lang='lat' dir='ltr'>laurusque</span> <span class='ocrx_word' id='word_1_156' title='bbox 870 1751 953 1801; x_wconf 90' lang='lat' dir='ltr'>dei,</span> <span class='ocrx_word' id='word_1_157' title='bbox 979 1757 1170 1805; x_wconf 89' lang='lat' dir='ltr'>totusque</span> <span class='ocrx_word' id='word_1_158' title='bbox 1194 1751 1347 1792; x_wconf 87' lang='lat' dir='ltr'>moveri</span> 
     </span>
     <span class='ocr_line' id='line_1_25' title="bbox 382 1811 1459 1866; baseline 0.002 -15"><span class='ocrx_word' id='word_1_159' title='bbox 382 1826 500 1852; x_wconf 91' lang='lat' dir='ltr'>mons</span> <span class='ocrx_word' id='word_1_160' title='bbox 525 1812 677 1852; x_wconf 90' lang='lat' dir='ltr'>circum</span> <span class='ocrx_word' id='word_1_161' title='bbox 701 1817 741 1853; x_wconf 91' lang='lat' dir='ltr'>et</span> <span class='ocrx_word' id='word_1_162' title='bbox 763 1812 920 1866; x_wconf 82' lang='lat' dir='ltr'>mugire</span> <span class='ocrx_word' id='word_1_163' title='bbox 944 1812 1077 1866; x_wconf 82' lang='lat' dir='ltr'>adytis</span> <span class='ocrx_word' id='word_1_164' title='bbox 1102 1812 1255 1853; x_wconf 89' lang='lat' dir='ltr'>cortina</span> <span class='ocrx_word' id='word_1_165' title='bbox 1277 1811 1459 1853; x_wconf 84' lang='lat' dir='ltr'>reclusis.</span> 
     </span>
     <span class='ocr_line' id='line_1_26' title="bbox 385 1871 1496 1925; baseline 0.001 -14"><span class='ocrx_word' id='word_1_166' title='bbox 385 1871 578 1912; x_wconf 89' lang='lat' dir='ltr'>submissi</span> <span class='ocrx_word' id='word_1_167' title='bbox 601 1872 777 1925; x_wconf 84' lang='lat' dir='ltr'>petimus</span> <span class='ocrx_word' id='word_1_168' title='bbox 802 1878 951 1912; x_wconf 86' lang='lat' dir='ltr'>terram</span> <span class='ocrx_word' id='word_1_169' title='bbox 975 1878 1015 1913; x_wconf 89' lang='lat' dir='ltr'>et</span> <span class='ocrx_word' id='word_1_170' title='bbox 1037 1887 1120 1914; x_wconf 87' lang='lat' dir='ltr'>vox</span> <span class='ocrx_word' id='word_1_171' title='bbox 1142 1873 1270 1913; x_wconf 85' lang='lat' dir='ltr'>fertur</span> <span class='ocrx_word' id='word_1_172' title='bbox 1293 1873 1346 1913; x_wconf 89' lang='lat' dir='ltr'>ad</span> <span class='ocrx_word' id='word_1_173' title='bbox 1369 1873 1496 1914; x_wconf 88' lang='lat' dir='ltr'>auris:</span> 
     </span>
     <span class='ocr_line' id='line_1_27' title="bbox 387 1932 1471 1988; baseline 0.001 -16"><span class='ocrx_word' id='word_1_174' title='bbox 387 1932 675 1982; x_wconf 88' lang='lat' dir='ltr'>„Dardanidae</span> <span class='ocrx_word' id='word_1_175' title='bbox 699 1932 808 1982; x_wconf 90' lang='lat' dir='ltr'>duri,</span> <span class='ocrx_word' id='word_1_176' title='bbox 833 1947 939 1985; x_wconf 91' lang='lat' dir='ltr'>quae</span> <span class='ocrx_word' id='word_1_177' title='bbox 961 1947 1036 1974; x_wconf 92' lang='lat' dir='ltr'>vos</span> <span class='ocrx_word' id='word_1_178' title='bbox 1061 1948 1086 1974; x_wconf 88' lang='lat' dir='ltr'>a</span> <span class='ocrx_word' id='word_1_179' title='bbox 1110 1934 1234 1988; x_wconf 88' lang='lat' dir='ltr'>stirpe</span> <span class='ocrx_word' id='word_1_180' title='bbox 1256 1939 1471 1988; x_wconf 90' lang='lat' dir='ltr'>parentum</span> 
     </span>
    </p>

    <p class='ocr_par' dir='ltr' id='par_1_10' title="bbox 319 1992 1495 2291">
     <span class='ocr_line' id='line_1_28' title="bbox 319 1992 1337 2047; baseline -0.001 -12"><span class='ocrx_word' id='word_1_181' title='bbox 319 2004 360 2035; x_wconf 85' lang='lat'>95</span> <span class='ocrx_word' id='word_1_182' title='bbox 383 1992 515 2047; x_wconf 90' lang='lat' dir='ltr'>prima</span> <span class='ocrx_word' id='word_1_183' title='bbox 538 1992 630 2032; x_wconf 88' lang='lat' dir='ltr'>tulit</span> <span class='ocrx_word' id='word_1_184' title='bbox 653 1992 792 2043; x_wconf 88' lang='lat' dir='ltr'>tellus,</span> <span class='ocrx_word' id='word_1_185' title='bbox 818 1993 962 2033; x_wconf 90' lang='lat' dir='ltr'>eadem</span> <span class='ocrx_word' id='word_1_186' title='bbox 984 2007 1059 2034; x_wconf 91' lang='lat' dir='ltr'>vos</span> <span class='ocrx_word' id='word_1_187' title='bbox 1083 1993 1208 2035; x_wconf 89' lang='lat' dir='ltr'>ubere</span> <span class='ocrx_word' id='word_1_188' title='bbox 1231 1994 1337 2034; x_wconf 88' lang='lat' dir='ltr'>laeto</span> 
     </span>
     <span class='ocr_line' id='line_1_29' title="bbox 384 2052 1425 2107; baseline 0.002 -14"><span class='ocrx_word' id='word_1_189' title='bbox 384 2053 556 2107; x_wconf 90' lang='lat' dir='ltr'>accipiet</span> <span class='ocrx_word' id='word_1_190' title='bbox 578 2052 762 2093; x_wconf 88' lang='lat' dir='ltr'>reduces.</span> <span class='ocrx_word' id='word_1_191' title='bbox 788 2052 997 2106; x_wconf 90' lang='lat' dir='ltr'>antiquam</span> <span class='ocrx_word' id='word_1_192' title='bbox 1022 2054 1218 2107; x_wconf 86' lang='lat' dir='ltr'>exquirite</span> <span class='ocrx_word' id='word_1_193' title='bbox 1242 2060 1425 2095; x_wconf 82' lang='lat' dir='ltr'>matrem.</span> 
     </span>
     <span class='ocr_line' id='line_1_30' title="bbox 383 2111 1394 2156; baseline 0.001 -2"><span class='ocrx_word' id='word_1_194' title='bbox 383 2114 451 2155; x_wconf 93' lang='lat' dir='ltr'>hic</span> <span class='ocrx_word' id='word_1_195' title='bbox 474 2114 620 2155; x_wconf 88' lang='lat' dir='ltr'>domus</span> <span class='ocrx_word' id='word_1_196' title='bbox 644 2111 813 2155; x_wconf 90' lang='lat' dir='ltr'>Aeneae</span> <span class='ocrx_word' id='word_1_197' title='bbox 838 2114 994 2155; x_wconf 88' lang='lat' dir='ltr'>cunctis</span> <span class='ocrx_word' id='word_1_198' title='bbox 1018 2114 1291 2156; x_wconf 89' lang='lat' dir='ltr'>dominabitur</span> <span class='ocrx_word' id='word_1_199' title='bbox 1313 2115 1394 2155; x_wconf 91' lang='lat' dir='ltr'>oris</span> 
     </span>
     <span class='ocr_line' id='line_1_31' title="bbox 387 2175 1362 2227; baseline 0.001 -12"><span class='ocrx_word' id='word_1_200' title='bbox 387 2180 427 2215; x_wconf 91' lang='lat' dir='ltr'>et</span> <span class='ocrx_word' id='word_1_201' title='bbox 449 2175 534 2215; x_wconf 90' lang='lat' dir='ltr'>nati</span> <span class='ocrx_word' id='word_1_202' title='bbox 557 2180 746 2215; x_wconf 91' lang='lat' dir='ltr'>natorum</span> <span class='ocrx_word' id='word_1_203' title='bbox 770 2180 810 2215; x_wconf 86' lang='lat' dir='ltr'>et</span> <span class='ocrx_word' id='word_1_204' title='bbox 833 2175 905 2227; x_wconf 91' lang='lat' dir='ltr'>qui</span> <span class='ocrx_word' id='word_1_205' title='bbox 927 2181 1144 2216; x_wconf 88' lang='lat' dir='ltr'>nascentur</span> <span class='ocrx_word' id='word_1_206' title='bbox 1168 2175 1218 2217; x_wconf 93' lang='lat' dir='ltr'>ab</span> <span class='ocrx_word' id='word_1_207' title='bbox 1242 2175 1362 2217; x_wconf 87' lang='lat' dir='ltr'>illis.“</span> 
     </span>
     <span class='ocr_line' id='line_1_32' title="bbox 385 2235 1495 2291; baseline 0.001 -15"><span class='ocrx_word' id='word_1_208' title='bbox 385 2235 488 2276; x_wconf 90' lang='lat' dir='ltr'>haec</span> <span class='ocrx_word' id='word_1_209' title='bbox 510 2235 727 2285; x_wconf 91' lang='lat' dir='ltr'>Phoebus,</span> <span class='ocrx_word' id='word_1_210' title='bbox 752 2235 961 2289; x_wconf 85' lang='lat' dir='ltr'>mixtoque</span> <span class='ocrx_word' id='word_1_211' title='bbox 984 2235 1130 2291; x_wconf 87' lang='lat' dir='ltr'>ingens</span> <span class='ocrx_word' id='word_1_212' title='bbox 1156 2241 1296 2277; x_wconf 86' lang='lat' dir='ltr'>exorta</span> <span class='ocrx_word' id='word_1_213' title='bbox 1319 2236 1495 2277; x_wconf 92' lang='lat' dir='ltr'>tumultu</span> 
     </span>
    </p>

    <p class='ocr_par' dir='ltr' id='par_1_11' title="bbox 300 2295 1575 2593">
     <span class='ocr_line' id='line_1_33' title="bbox 300 2295 1502 2350; baseline -0.002 -11"><span class='ocrx_word' id='word_1_214' title='bbox 300 2310 362 2339; x_wconf 90' lang='lat'>100</span> <span class='ocrx_word' id='word_1_215' title='bbox 384 2295 554 2345; x_wconf 89' lang='lat' dir='ltr'>laetitia,</span> <span class='ocrx_word' id='word_1_216' title='bbox 580 2301 621 2337; x_wconf 93' lang='lat' dir='ltr'>et</span> <span class='ocrx_word' id='word_1_217' title='bbox 643 2295 779 2337; x_wconf 88' lang='lat' dir='ltr'>cuncti</span> <span class='ocrx_word' id='word_1_218' title='bbox 802 2309 907 2349; x_wconf 90' lang='lat' dir='ltr'>quae</span> <span class='ocrx_word' id='word_1_219' title='bbox 932 2296 1012 2337; x_wconf 91' lang='lat' dir='ltr'>sint</span> <span class='ocrx_word' id='word_1_220' title='bbox 1036 2311 1084 2337; x_wconf 89' lang='lat' dir='ltr'>ea</span> <span class='ocrx_word' id='word_1_221' title='bbox 1107 2297 1268 2338; x_wconf 90' lang='lat' dir='ltr'>moenia</span> <span class='ocrx_word' id='word_1_222' title='bbox 1290 2303 1502 2350; x_wconf 87' lang='lat' dir='ltr'>quaerunt,</span> 
     </span>
     <span class='ocr_line' id='line_1_34' title="bbox 385 2356 1443 2411; baseline 0.001 -14"><span class='ocrx_word' id='word_1_223' title='bbox 385 2370 466 2410; x_wconf 94' lang='lat' dir='ltr'>quo</span> <span class='ocrx_word' id='word_1_224' title='bbox 489 2356 684 2398; x_wconf 91' lang='lat' dir='ltr'>Phoebus</span> <span class='ocrx_word' id='word_1_225' title='bbox 708 2362 825 2398; x_wconf 93' lang='lat' dir='ltr'>vocet</span> <span class='ocrx_word' id='word_1_226' title='bbox 849 2357 1019 2398; x_wconf 89' lang='lat' dir='ltr'>errantis</span> <span class='ocrx_word' id='word_1_227' title='bbox 1042 2357 1261 2411; x_wconf 88' lang='lat' dir='ltr'>iubeatque</span> <span class='ocrx_word' id='word_1_228' title='bbox 1283 2358 1443 2399; x_wconf 91' lang='lat' dir='ltr'>reverti.</span> 
     </span>
     <span class='ocr_line' id='line_1_35' title="bbox 387 2417 1575 2472; baseline -0.001 -14"><span class='ocrx_word' id='word_1_229' title='bbox 387 2423 474 2458; x_wconf 93' lang='lat' dir='ltr'>tum</span> <span class='ocrx_word' id='word_1_230' title='bbox 498 2417 674 2472; x_wconf 87' lang='lat' dir='ltr'>genitor,</span> <span class='ocrx_word' id='word_1_231' title='bbox 699 2423 885 2458; x_wconf 88' lang='lat' dir='ltr'>veterum</span> <span class='ocrx_word' id='word_1_232' title='bbox 907 2417 1076 2459; x_wconf 91' lang='lat' dir='ltr'>volvens</span> <span class='ocrx_word' id='word_1_233' title='bbox 1100 2424 1362 2459; x_wconf 87' lang='lat' dir='ltr'>monumenta</span> <span class='ocrx_word' id='word_1_234' title='bbox 1385 2418 1575 2465; x_wconf 88' lang='lat' dir='ltr'>virorum,</span> 
     </span>
     <span class='ocr_line' id='line_1_36' title="bbox 389 2478 1557 2534; baseline 0 -16"><span class='ocrx_word' id='word_1_235' title='bbox 389 2478 571 2528; x_wconf 89' lang='lat' dir='ltr'>„audite,</span> <span class='ocrx_word' id='word_1_236' title='bbox 598 2492 622 2519; x_wconf 95' lang='lat' dir='ltr'>o</span> <span class='ocrx_word' id='word_1_237' title='bbox 645 2480 880 2533; x_wconf 89' lang='lat' dir='ltr'>proceres,“</span> <span class='ocrx_word' id='word_1_238' title='bbox 906 2478 980 2528; x_wconf 87' lang='lat' dir='ltr'>ait,</span> <span class='ocrx_word' id='word_1_239' title='bbox 1007 2484 1074 2528; x_wconf 89' lang='lat' dir='ltr'>„et</span> <span class='ocrx_word' id='word_1_240' title='bbox 1097 2493 1191 2534; x_wconf 89' lang='lat' dir='ltr'>spes</span> <span class='ocrx_word' id='word_1_241' title='bbox 1216 2478 1359 2519; x_wconf 87' lang='lat' dir='ltr'>discite</span> <span class='ocrx_word' id='word_1_242' title='bbox 1381 2483 1557 2519; x_wconf 85' lang='lat' dir='ltr'>vestras:</span> 
     </span>
     <span class='ocr_line' id='line_1_37' title="bbox 389 2538 1412 2593; baseline -0.002 -13"><span class='ocrx_word' id='word_1_243' title='bbox 389 2538 513 2580; x_wconf 86' lang='lat' dir='ltr'>Creta</span> <span class='ocrx_word' id='word_1_244' title='bbox 537 2538 647 2580; x_wconf 90' lang='lat' dir='ltr'>Iovis</span> <span class='ocrx_word' id='word_1_245' title='bbox 671 2538 811 2593; x_wconf 86' lang='lat' dir='ltr'>magni</span> <span class='ocrx_word' id='word_1_246' title='bbox 835 2539 969 2580; x_wconf 87' lang='lat' dir='ltr'>medio</span> <span class='ocrx_word' id='word_1_247' title='bbox 992 2539 1097 2580; x_wconf 89' lang='lat' dir='ltr'>iacet</span> <span class='ocrx_word' id='word_1_248' title='bbox 1119 2539 1253 2580; x_wconf 88' lang='lat' dir='ltr'>insula</span> <span class='ocrx_word' id='word_1_249' title='bbox 1273 2543 1412 2593; x_wconf 88' lang='lat' dir='ltr'>ponto,</span> 
     </span>
    </p>

    <p class='ocr_par' dir='ltr' id='par_1_12' title="bbox 303 2598 1794 2773">
     <span class='ocr_line' id='line_1_38' title="bbox 303 2598 1418 2654; baseline -0.003 -13"><span class='ocrx_word' id='word_1_250' title='bbox 303 2611 363 2641; x_wconf 85' lang='lat'>105</span> <span class='ocrx_word' id='word_1_251' title='bbox 387 2614 504 2640; x_wconf 88' lang='lat' dir='ltr'>mons</span> <span class='ocrx_word' id='word_1_252' title='bbox 530 2599 682 2640; x_wconf 89' lang='lat' dir='ltr'>Idaeus</span> <span class='ocrx_word' id='word_1_253' title='bbox 706 2598 777 2640; x_wconf 86' lang='lat' dir='ltr'>ubi</span> <span class='ocrx_word' id='word_1_254' title='bbox 801 2604 841 2640; x_wconf 91' lang='lat' dir='ltr'>et</span> <span class='ocrx_word' id='word_1_255' title='bbox 862 2599 997 2654; x_wconf 86' lang='lat' dir='ltr'>gentis</span> <span class='ocrx_word' id='word_1_256' title='bbox 1022 2599 1223 2641; x_wconf 89' lang='lat' dir='ltr'>cunabula</span> <span class='ocrx_word' id='word_1_257' title='bbox 1244 2604 1418 2639; x_wconf 85' lang='lat' dir='ltr'>nostrae.</span> 
     </span>
     <span class='ocr_line' id='line_1_39' title="bbox 387 2658 1794 2715; baseline -0.003 -16"><span class='ocrx_word' id='word_1_258' title='bbox 387 2665 550 2699; x_wconf 88' lang='lat' dir='ltr'>centum</span> <span class='ocrx_word' id='word_1_259' title='bbox 573 2658 695 2700; x_wconf 91' lang='lat' dir='ltr'>urbes</span> <span class='ocrx_word' id='word_1_260' title='bbox 718 2658 903 2701; x_wconf 91' lang='lat' dir='ltr'>habitant</span> <span class='ocrx_word' id='word_1_261' title='bbox 926 2675 1114 2715; x_wconf 85' lang='lat' dir='ltr'>magnas,</span> <span class='ocrx_word' id='word_1_262' title='bbox 1139 2659 1342 2701; x_wconf 89' lang='lat' dir='ltr'>uberrima</span> <span class='ocrx_word' id='word_1_263' title='bbox 1363 2672 1501 2713; x_wconf 83' lang='lat' dir='ltr'>regna,</span> <span class='ocrx_word' id='word_1_264' title='bbox 1788 2661 1794 2711; x_wconf 56' lang='lat' dir='ltr'>j}</span> 
     </span>
     <span class='ocr_line' id='line_1_40' title="bbox 386 2718 1418 2773; baseline 0.001 -15"><span class='ocrx_word' id='word_1_265' title='bbox 386 2719 590 2761; x_wconf 82' lang='lat' dir='ltr'>maximus</span> <span class='ocrx_word' id='word_1_266' title='bbox 613 2719 723 2760; x_wconf 91' lang='lat' dir='ltr'>unde</span> <span class='ocrx_word' id='word_1_267' title='bbox 746 2725 878 2773; x_wconf 88' lang='lat' dir='ltr'>pater,</span> <span class='ocrx_word' id='word_1_268' title='bbox 905 2720 940 2762; x_wconf 88' lang='lat' dir='ltr'>si</span> <span class='ocrx_word' id='word_1_269' title='bbox 962 2721 1036 2762; x_wconf 88' lang='lat' dir='ltr'>rite</span> <span class='ocrx_word' id='word_1_270' title='bbox 1060 2720 1198 2761; x_wconf 84' lang='lat' dir='ltr'>audita</span> <span class='ocrx_word' id='word_1_271' title='bbox 1219 2718 1418 2768; x_wconf 89' lang='lat' dir='ltr'>recordor,</span> 
     </span>
    </p>
   </div>
   <div class='ocr_carea' id='block_1_3' title="bbox 1775 2693 1794 3048">
    <p class='ocr_par' dir='ltr' id='par_1_13' title="bbox 1775 2693 1794 3048">
     <span class='ocr_line' id='line_1_41' title="bbox 1775 2693 1794 3048; baseline 0 0"><span class='ocrx_word' id='word_1_272' title='bbox 1775 2693 1794 3048; x_wconf 95' lang='lat' dir='ltr'> </span> 
     </span>
    </p>
   </div>
  </div>
 </body>
</html>
