1800 3106
586 312 845 352 AENEIDOS
863 313 962 350 LIB.
979 313 1085 352 VIII.

155 428 242 463 tum
265 425 384 476 pater
405 418 631 461 Euandrus
657 419 845 460 dextram
871 418 1098 474 conplexus
1123 417 1257 460 euntis

154 483 313 533 haeret,
338 481 573 538 inexpletus
597 481 838 531 lacrimans,
864 495 914 522 ac
937 480 1036 522 talia
1058 480 1188 522 fatur:

156 560 206 597 „o
229 545 331 587 mihi
354 544 597 601 praeteritos
620 544 774 586 referat
797 543 834 586 si
856 543 1045 599 Iuppiter
1068 558 1213 593 annos,

153 607 288 662 qualis
313 621 444 656 eram,
471 621 567 648 cum
590 606 768 662 primam
793 605 924 647 aciem
948 605 1176 647 Praeneste
1201 604 1279 647 sub
1303 605 1397 660 ipsa

154 669 282 712 stravi
306 674 600 722 scutorumque
623 667 789 709 incendi
812 667 944 709 vietor
967 681 1151 718 acervos,

154 737 194 773 et
217 745 359 787 regem
382 729 462 771 hac
485 729 650 771 Erilum
674 729 820 771 dextra
843 729 921 771 sub
947 729 1123 771 Tartara
1146 729 1254 780 misi,

153 793 339 835 nascenti
363 792 430 834 cui
453 791 526 833 tris
551 792 709 833 animas
734 790 913 832 Feronia
936 798 1069 832 mater
1091 817 1147 822 —

153 855 405 897 horrendum
429 854 543 895 dictu
568 878 624 884 ——
648 853 837 903 dederat,
863 859 981 895 terna
1004 868 1120 895 arma
1143 853 1368 904 movenda3

153 924 216 959 ter
237 916 321 958 leto
346 915 591 958 sternendus
617 921 722 965 erat3
749 915 817 956 cui
841 920 929 956 tum
954 920 1094 956 tamen
1118 915 1253 957 omnis

154 977 324 1020 abstulit
345 977 450 1019 haec
474 977 634 1018 animas
659 977 805 1018 dextra
829 982 869 1018 et
893 977 1064 1018 totidem
1089 977 1203 1018 exuit
1227 977 1373 1019 armis:

152 1055 236 1082 non
260 1054 338 1096 ego
362 1053 473 1080 nunc
498 1039 609 1080 dulci
633 1038 829 1094 amplexu
853 1038 1072 1080 divellerer
1094 1053 1287 1093 usquam,

151 1107 266 1149 nate,
293 1107 383 1150 tuo,
407 1114 543 1155 neque
567 1100 742 1142 finitimo
765 1099 1003 1142 Mezentius
1027 1114 1227 1155 umquam

152 1162 252 1205 huic
275 1163 398 1219 capiti
420 1162 624 1204 insultans
649 1168 711 1204 tot
733 1162 844 1204 ferro
869 1177 996 1204 saeva
1018 1162 1204 1204 dedisset

153 1226 317 1276 funera,
343 1231 429 1282 tam
451 1224 592 1267 multis
616 1225 832 1267 viduasset
855 1224 1017 1267 civibus
1041 1224 1201 1267 urbem.

154 1293 197 1330 at
219 1302 315 1338 vos,
341 1302 366 1329 o
391 1287 549 1343 superi,
574 1293 617 1329 et
639 1287 781 1330 divom
805 1293 851 1329 tu
874 1287 1056 1330 maxime
1078 1294 1214 1330 rector

155 1351 359 1407 Iuppiter,
384 1349 575 1400 Arcadii,
601 1364 776 1404 quaeso,
801 1350 1056 1392 miserescite
1078 1351 1192 1407 regis

156 1419 197 1454 ct
219 1412 373 1469 patrias
398 1411 537 1453 audite
560 1426 725 1467 preces:
752 1412 788 1454 si
810 1413 982 1455 numina
1004 1419 1145 1455 vestra

155 1475 406 1518 incolumem
427 1473 620 1516 Pallanta
643 1474 763 1525 mihi,
790 1475 826 1517 si
849 1475 938 1517 fata
959 1481 1186 1525 reservant,

156 1538 192 1579 si
216 1537 381 1579 visurus
407 1551 503 1578 eum
527 1537 624 1579 vivo
649 1543 690 1579 et
713 1544 911 1580 venturus
935 1538 980 1579 in
1003 1553 1147 1589 unum,

156 1599 285 1641 vitam
309 1613 401 1649 oro3
424 1599 560 1655 patior
583 1600 772 1654 quemvis
798 1600 947 1642 durare
970 1599 1169 1643 laborem.

157 1661 222 1703 sin
245 1661 426 1716 aliquem
448 1661 667 1703 infandum
691 1677 853 1713 casum,
878 1662 1063 1713 fortuna,
1089 1663 1272 1713 minaris,

156 1737 285 1774 nunc,
309 1738 421 1765 nunc
445 1739 470 1766 ο
492 1724 614 1765 liceat
638 1724 848 1766 crudelem
871 1724 1118 1780 abrumpere
1141 1725 1283 1775 vitam,

157 1786 258 1827 dum
281 1800 404 1828 curae
429 1785 669 1843 ambiguae,
695 1787 795 1828 dum
820 1801 915 1842 spes
940 1787 1097 1828 incerta
1120 1786 1262 1836 futuri,

157 1847 258 1889 dum
281 1852 341 1898 te,
368 1863 461 1890 care
484 1863 606 1904 puer,
631 1863 726 1890 mea
750 1849 840 1891 sola
862 1855 904 1890 et
929 1863 1021 1891 sera
1044 1849 1250 1904 voluptas,

157 1909 383 1965 conplexus
408 1918 550 1961 tenco,
575 1911 742 1967 gravior
764 1926 847 1953 neu
869 1912 1039 1954 nuntius
1065 1913 1177 1954 auris

156 1971 380 2014 volueret.“
406 1971 509 2014 haec
533 1973 696 2029 genitor
719 1973 914 2029 digressu
937 1974 1048 2015 dicta
1073 1988 1268 2029 supremo

155 2033 376 2085 fundebat3
400 2033 547 2076 famuli
570 2035 814 2091 conlapsum
837 2036 882 2077 in
905 2041 1014 2078 tecta
1036 2036 1238 2078 ferebant.

211 2096 386 2151 Iamque
409 2098 513 2139 adeo
538 2098 694 2140 exierat
715 2099 846 2154 portis
872 2099 1079 2154 equitatus
1105 2099 1271 2155 apertis,

155 2157 324 2202 Aeneas
347 2160 455 2202 inter
476 2161 633 2217 primos
658 2167 700 2204 et
722 2162 831 2204 fidus
856 2161 1056 2214 Achates,

156 2221 252 2262 inde
276 2221 346 2262 alii
369 2222 520 2264 Troiae
542 2237 753 2278 proceres,
778 2224 870 2279 ipse
895 2225 1061 2280 agmine
1084 2224 1227 2266 Pallas

155 2284 200 2325 in
222 2283 379 2334 medio,
405 2284 624 2340 chlamyde
649 2292 689 2326 et
712 2286 834 2340 pictis
859 2293 1107 2342 conspectus
1131 2288 1175 2328 in
1199 2288 1338 2337 armis,

157 2344 290 2399 qualis
315 2344 387 2387 ubi
413 2344 575 2388 Oceani
597 2347 794 2401 perfusus
818 2348 994 2390 Lucifer
1016 2349 1141 2398 unda,

157 2420 282 2460 quem
305 2405 452 2449 Venus
477 2413 573 2450 ante
597 2408 700 2450 alios
726 2415 932 2450 astrorum
956 2410 1091 2466 diligit
1114 2410 1238 2465 ignis,

159 2468 305 2510 extulit
329 2483 375 2510 os
401 2484 566 2510 sacrum
589 2469 704 2511 eaelo
728 2470 1004 2525 tenebrasque
1027 2471 1210 2512 resolvit.

159 2537 270 2574 stant
291 2531 468 2587 pavidae
490 2531 535 2573 in
557 2532 685 2573 muris
710 2538 882 2583 matres,
909 2533 1122 2587 oculisque
1148 2538 1376 2587 sequuntur

156 2593 397 2650 pulveream
419 2593 575 2636 nubem
599 2600 640 2636 et
663 2594 863 2651 fulgentis
889 2609 984 2636 aere
1009 2601 1209 2636 catervas.

158 2656 229 2698 olli
251 2670 327 2712 per
350 2656 517 2707 dumos,
543 2671 626 2711 qua
647 2657 838 2712 proxima
862 2663 973 2699 meta
996 2657 1170 2707 viarum,

159 2718 306 2759 armati
331 2718 522 2770 tendunt3
546 2719 578 2760 it
602 2718 758 2760 clamor
782 2725 822 2761 et
846 2719 1011 2775 agmine
1034 2719 1147 2760 facto

159 2780 498 2836 quadrupedante
521 2786 683 2836 putrem
709 2781 846 2823 sonitu
870 2781 1002 2836 quatit
1025 2781 1182 2837 ungula
1206 2796 1411 2838 campum.

1435 303 1518 346 249

1547 555 1613 586 560

1549 867 1614 898 565

1551 1179 1617 1209 570

1552 1492 1616 1521 575

1552 1801 1619 1832 580

1552 2112 1616 2143 585

1551 2422 1616 2452 590

1548 2733 1612 2763 595
