1780 3074
531 230 789 269 AENElDOS
806 229 904 265 LIB.
922 229 988 266 IV.

75 339 296 383 velleribus
321 337 452 380 niveis
477 343 518 378 et
540 335 649 378 festa
672 334 818 377 fronde
842 333 1089 375 revinctum:

75 403 173 445 hinc
196 399 383 444 exaudiri
405 412 530 441 voces
555 403 596 439 et
618 396 747 439 verba
769 395 956 438 vocantis

75 465 167 506 visa
189 462 284 513 viri,
309 477 394 504 nox
418 475 512 503 cum
537 467 666 502 terras
691 458 869 500 obscura
891 463 1066 507 teneret3

77 526 246 581 solaque
271 523 518 567 culminibus
542 521 661 564 ferali
685 520 865 562 carmine
887 519 1000 561 bubo

78 602 202 643 saepe
226 587 342 642 queri
365 592 407 628 et
428 585 576 640 longas
600 583 644 625 in
667 583 810 624 fletum
833 582 984 623 ducere
1008 594 1151 631 voces3

76 649 288 703 multaque
312 653 525 704 praeterea
547 652 690 687 vatum
712 643 924 700 praedicta
946 642 1129 698 priorum

78 710 249 753 terribili
270 709 431 751 monitu
453 706 702 749 horrificant.
728 705 814 761 agit
837 704 928 760 ipse
952 704 1158 745 furentem

77 773 122 816 in
146 771 302 815 somnis
326 770 440 812 ferus
464 768 654 817 Aeneas3
680 780 925 821 semperque
948 765 1125 819 relinqui

78 835 167 877 sola
191 832 289 883 sibi,
314 845 478 886 semper
499 830 668 885 longam
691 827 932 869 incomitata
954 826 1119 867 videtur

77 898 136 939 ire
159 895 270 937 viam
293 901 334 935 et
358 892 509 948 Tyrios
534 891 698 932 deserta
721 902 918 943 quaerere
942 894 1059 939 terra,

76 955 359 1000 Eumenidum
383 953 511 996 veluti
534 953 704 994 demens
730 950 842 991 videt
866 949 1034 1005 agmina
1057 948 1271 992 Pentheus

10 1018 13 1021 ’
77 1027 118 1062 et
142 1018 272 1061 solem
294 1016 508 1073 geminum
531 1020 572 1055 et
595 1013 771 1069 duplicis
798 1027 843 1054 se
867 1011 1084 1054 ostendere
1109 1011 1292 1061 Thebas,

77 1087 148 1123 aut
170 1077 529 1136 Agamemnonius
555 1075 716 1119 scaenis
741 1075 922 1131 agitatus
949 1072 1124 1117 Orestes

77 1149 277 1185 armatam
299 1140 462 1184 facibus
486 1145 660 1181 matrem
684 1144 726 1180 et
749 1136 1010 1193 serpentibus
1036 1136 1135 1178 atris

78 1219 173 1246 cum
196 1203 323 1260 fugit,
346 1202 597 1256 ultricesque
622 1200 766 1243 sedent
789 1200 834 1241 in
854 1198 996 1240 limine
1020 1197 1164 1239 Dirae.

134 1265 251 1322 Ergo
274 1264 348 1308 ubi
372 1263 560 1319 concepit
583 1262 713 1304 furias
738 1262 873 1304 evicta
896 1260 1037 1302 dolore

79 1328 342 1382 decrevitque
366 1326 489 1375 mori,
514 1331 678 1380 tempus
705 1338 847 1366 secum
869 1323 963 1378 ipsa
985 1321 1239 1376 modumque

80 1390 229 1447 exigit,
255 1396 296 1431 et
318 1394 521 1430 maestam
545 1386 665 1428 dictis
691 1386 890 1442 adgressa
915 1398 1098 1426 sororem
1149 1389 1152 1393 ’

83 1451 302 1494 consilium
326 1450 443 1492 voltu
466 1449 569 1505 tegit
593 1462 642 1489 ac
667 1462 785 1502 spem
809 1446 945 1488 fronte
970 1451 1150 1487 serenat:

84 1513 267 1566 „inveni‚
292 1527 510 1569 germana,
534 1510 658 1560 viam,
685 1534 740 1539 —
763 1515 927 1565 gratare
952 1507 1083 1550 sorori
1107 1532 1162 1538 —

82 1590 189 1630 quae
212 1575 315 1616 mihi
337 1574 484 1616 reddat
506 1587 603 1614 eum
625 1571 694 1613 vel
718 1586 767 1613 eo
791 1585 858 1612 me
884 1570 1019 1612 solvat
1043 1575 1274 1611 amantem„

82 1637 227 1679 oceani
249 1636 375 1678 finem
398 1635 515 1676 iuxta
539 1633 752 1688 solemque
776 1632 992 1674 cadentem

82 1699 254 1741 ultimus
277 1696 535 1752 Aethiopum
558 1696 675 1737 locus
701 1700 784 1745 est,
810 1694 884 1736 ubi
910 1694 1118 1736 maximus
1141 1693 1266 1735 Atlas

83 1776 205 1803 axem
228 1760 400 1801 humero
426 1765 589 1813 torquet
612 1757 741 1799 stellis
768 1756 1007 1799 ardentibus
1032 1766 1193 1812 aptum:

83 1823 181 1864 hinc
204 1821 306 1863 mihi
328 1820 544 1876 Massylae
567 1819 704 1876 gentis
728 1825 958 1862 monstrata
982 1819 1188 1868 sacerdos,

84 1884 369 1940 Hesperidum
392 1882 536 1938 templi
559 1888 719 1932 custos,
747 1881 974 1938 epulasque
998 1880 1167 1922 draconi

85 1960 192 2001 quae
217 1945 343 1988 dabat
365 1952 406 1987 et
430 1959 570 1986 sacros
596 1943 789 1986 servabat
811 1944 855 1985 in
879 1942 1025 1985 arbore
1046 1957 1199 1993 ramos,

88 2022 287 2064 spargens
310 2007 482 2049 humida
503 2006 629 2048 mella
652 2005 1010 2061 soporiferumque
1032 2019 1227 2061 papaver.

87 2069 191 2111 haec
214 2084 259 2112 se
284 2068 534 2111 carminibus
558 2068 758 2124 promittit
788 2067 948 2110 solvere
970 2073 1144 2117 mentes,

88 2145 194 2185 quas
218 2131 336 2180 velit,
362 2137 428 2173 ast
451 2130 542 2172 aliis
566 2131 692 2172 duras
716 2130 923 2171 inmittere
948 2144 1089 2180 euras3

92 2191 236 2233 sistere
259 2206 410 2246 aquam
432 2191 570 2233 fluviis
594 2197 635 2233 et
656 2197 817 2232 vertere
842 2191 978 2233 sidera
999 2196 1129 2240 retr03

91 2258 396 2306 nocturnosque
418 2259 557 2294 movet
579 2252 733 2303 manis3
757 2252 918 2308 mugire
941 2250 1102 2293 videbis

94 2313 172 2356 sub
194 2312 371 2369 pedibus
395 2319 546 2354 terram
569 2318 611 2354 et
633 2313 883 2354 descendere
905 2312 1116 2354 montibus
1140 2326 1276 2354 ornos.

94 2382 240 2425 testor,
266 2389 381 2424 cara,
406 2374 507 2416 deos
532 2382 573 2415 et
596 2381 655 2423 te,
680 2388 896 2429 germana,
922 2380 1122 2427 tuumque

94 2436 214 2478 dulce
238 2442 381 2492 caput,
406 2435 591 2491 magicas
616 2434 788 2476 invitam
812 2434 1020 2490 accingier
1043 2434 1156 2476 artis.

95 2506 142 2540 tu
165 2504 323 2540 secreta
349 2512 497 2553 pyram
521 2502 629 2538 tecto
652 2496 844 2538 interiore
869 2495 947 2538 sub
972 2510 1094 2537 auras

96 2559 227 2616 erige,
253 2566 294 2602 et
317 2575 432 2601 arma
454 2558 550 2608 viri,
576 2557 757 2599 thalamo
781 2572 887 2612 quae
910 2557 995 2598 fixa
1016 2557 1180 2611 reliquit

97 2622 254 2677 inpius,
279 2622 535 2676 exuviasque
559 2619 713 2669 omnis,
737 2619 974 2673 lectumque
997 2618 1191 2674 iugalem,

98 2697 180 2737 quo
202 2683 323 2738 perii,
350 2684 692 2739 superinponant:
717 2680 881 2723 abolere
905 2680 1075 2722 nefandi

174 2760 323 2795 remmus.
1179 2754 1195 2787 1
1208 2754 1225 2787 l

1355 216 1429 258 161

1464 404 1529 435 480

1468 715 1533 746 465

1470 1025 1535 1054 470

1474 1643 1541 1673 480

1478 1954 1544 1984 435

1481 2262 1548 2293 490

1483 2569 1547 2598 495
