1794 3048
349 320 405 361 94
752 328 794 362 Ρ.
813 325 1044 362 VERGILII
1063 324 1286 363 MARONIS

346 431 539 471 iactatum
563 434 685 469 vento
709 427 844 467 videat
868 426 1153 481 Phrygiasque
1177 426 1354 477 biremis,

347 498 417 532 aut
443 490 607 543 Capyn,
633 494 703 529 aut
726 487 845 528 celsis
870 487 913 528 in
935 487 1142 542 puppibus
1167 503 1280 529 arma
1305 487 1431 530 Caici.

346 566 493 592 navem
517 551 559 590 in
583 555 804 603 conspectu
826 548 998 597 nullam;
1023 549 1095 590 tris
1119 549 1234 590 litore
1258 564 1400 592 cervos

260 624 322 655 185
345 610 540 666 prospicit
563 609 752 659 errantis3
777 609 852 650 hos
877 615 961 651 tota
984 616 1166 651 armenta
1190 616 1414 663 sequuntur

345 687 370 712 a
393 678 520 726 tergo,
546 677 585 711 et
608 670 778 724 longum
801 684 875 724 per
897 670 1014 711 vallis
1038 670 1220 725 pascitur
1242 686 1404 726 agmen.

345 731 524 773 constitit
548 731 631 781 hic,
657 745 878 784 arcumque
901 746 1026 772 manu
1049 731 1272 785 celerisque
1298 733 1467 788 sagittas

345 792 554 847 corripuit,
579 792 685 833 fidus
710 806 815 846 quae
839 792 920 833 tela
941 791 1110 848 gerebat
1132 793 1328 843 Achates,

345 853 614 907 ductoresque
637 853 749 907 ipsos
773 853 968 908 primum,
993 853 1126 908 capita
1149 853 1230 895 alta
1252 853 1429 896 ferentes

258 928 321 959 190
346 913 536 956 cornibus
561 913 759 964 arboreis,
785 914 944 964 sternit,
969 920 1055 955 tum
1081 915 1225 969 volgus
1250 921 1290 956 et
1313 929 1474 957 omnem

346 976 490 1017 miscet
513 990 641 1032 agens
666 975 756 1017 telis
780 990 947 1017 nemora
970 975 1074 1017 inter
1096 975 1267 1017 frondea
1290 975 1469 1027 turbam3

345 1052 422 1078 nec
444 1037 557 1092 prius
582 1037 760 1086 absistit,
786 1051 910 1090 quam
935 1043 1093 1092 septem
1115 1037 1297 1093 ingentia
1319 1037 1450 1078 victor

347 1113 517 1153 corpora
540 1097 685 1139 fundat
707 1098 821 1138 humi
845 1104 886 1139 et
908 1112 1122 1139 numerum
1147 1113 1239 1139 cum
1262 1097 1435 1139 navibus
1459 1104 1617 1151 aequet.

347 1159 440 1200 hinc
464 1165 626 1214 portum
648 1160 749 1214 petit
773 1165 813 1200 et
837 1159 968 1200 socios
992 1159 1165 1213 partitur
1186 1159 1229 1200 in
1252 1159 1397 1200 omnis.

260 1232 322 1263 195
347 1220 442 1261 vina
466 1220 597 1261 bonus
621 1234 726 1274 quae
750 1220 896 1261 deinde
920 1219 1032 1261 cadis
1057 1225 1244 1261 onerarat
1267 1218 1442 1261 Acestes

346 1281 462 1322 litore
487 1281 699 1322 Trinacrio
722 1281 969 1334 dederatque
994 1280 1239 1321 abeuntibus
1263 1280 1397 1330 heros,

346 1341 490 1382 dividit
514 1348 554 1383 et
577 1342 696 1384 dictis
720 1342 941 1383 maerentia
963 1347 1128 1395 pectora
1151 1342 1319 1383 mulcet:

404 1401 471 1452 „O
498 1403 609 1453 socii,
623 1417 822 1456 —neque
847 1402 956 1443 enim
980 1402 1111 1456 ignari
1135 1417 1277 1443 sumus
1302 1414 1395 1444 ante
1419 1402 1619 1444 malorum
1636 1428 1685 1432 -ι

346 1477 371 1504 0
396 1464 507 1517 passi
530 1464 736 1519 graviora,
761 1463 875 1504 dabit
897 1463 999 1504 deus
1023 1463 1086 1504 his
1112 1477 1275 1517 quoque
1298 1464 1435 1505 finem.

258 1536 322 1567 200
346 1539 420 1564 vos
445 1530 486 1565 et
511 1522 742 1579 Scyllaeam
765 1524 920 1565 rabiem
943 1524 1187 1579 penitusque
1213 1525 1394 1567 sonantis

346 1585 518 1626 accestis
543 1585 750 1640 scopulos,
776 1600 850 1626 vos
875 1591 915 1626 et
940 1584 1148 1640 Cyclopea
1172 1601 1272 1627 saxa

348 1646 520 1700 experti:
545 1652 732 1688 revocate
756 1647 914 1688 animos
938 1653 1221 1700 maestumque
1246 1646 1434 1688 timorem

347 1707 512 1757 mittite3
537 1707 679 1749 forsan
702 1714 743 1749 et
764 1708 867 1749 haee
891 1707 987 1749 olim
1011 1708 1245 1749 meminisse
1269 1708 1437 1750 iuvabit.

346 1781 420 1822 per
442 1767 576 1809 varios
601 1783 739 1818 casus,
764 1783 838 1823 per
861 1773 920 1810 tot
943 1768 1176 1810 discrimina
1199 1783 1334 1810 rerum

259 1841 323 1871 205
347 1828 550 1870 tendimus
575 1829 617 1870 in
639 1830 825 1879 Latium,
853 1829 971 1870 sedes
996 1829 1067 1870 ubi
1090 1829 1177 1871 fata
1199 1830 1358 1883 quietas

348 1889 584 1939 ostendunt3
609 1890 691 1930 illic
715 1890 778 1931 fas
802 1904 931 1945 regna
953 1904 1167 1945 resurgere
1192 1890 1353 1931 Troiae.

348 1950 490 1991 durate
515 1957 554 1991 et
578 1957 735 1992 vosmet
759 1950 881 1992 rebus
907 1957 1065 1992 servate
1090 1951 1320 1992 secundis.“

405 2011 524 2053 Talia
547 2026 646 2053 voce
671 2012 811 2061 refert,
837 2012 1026 2065 curisque
1050 2012 1284 2067 ingentibus
1309 2027 1433 2068 aeger

350 2086 466 2126 spem
488 2072 601 2114 voltu
626 2073 807 2122 simulat,
832 2073 980 2127 premit
1003 2072 1130 2113 altum
1154 2073 1276 2114 corde
1299 2073 1492 2114 dolorem.

259 2146 324 2176 210
347 2133 404 2174 illi
430 2148 473 2175 se
496 2134 671 2189 praedae
695 2134 913 2189 accingunt
937 2133 1192 2188 dapibusque
1217 2134 1383 2175 futuris:

348 2201 510 2250 tergora
533 2195 726 2250 diripiunt
750 2195 874 2236 costis
899 2201 939 2236 et
961 2195 1120 2236 viscera
1143 2195 1317 2245 nudant3

347 2273 442 2312 pars
466 2257 508 2298 in
532 2256 663 2298 frusta
688 2263 828 2298 secant
850 2256 1097 2310 veribusque
1122 2258 1335 2298 trementia
1357 2257 1507 2312 figunt,

347 2314 463 2354 litore
488 2327 590 2353 aena
612 2313 747 2354 locant
770 2312 838 2353 alii
862 2312 1131 2366 flammasque
1154 2313 1396 2354 ministrant.

350 2381 436 2415 tum
460 2374 570 2414 victu
592 2380 786 2415 revocant
809 2374 935 2424 vires,
961 2373 1124 2427 fusique
1147 2388 1221 2428 per
1244 2373 1413 2415 herbam

261 2452 325 2481 215
349 2437 553 2491 inplentur
575 2436 724 2477 veteris
748 2435 903 2477 Bacchi
925 2435 1173 2491 pinguisque
1197 2435 1362 2476 ferinae.

348 2504 566 2553 postquam
591 2503 780 2552 exempta
804 2497 935 2538 fames
961 2496 1092 2551 epulis
1116 2510 1363 2550 mensaeque
1386 2502 1577 2545 remotae,

349 2559 523 2600 amissos
547 2558 671 2614 longo
696 2558 829 2600 socios
856 2572 1042 2599 sermone
1066 2558 1290 2611 requirunt,

351 2634 546 2674 spemque
571 2626 804 2673 metumque
828 2619 932 2660 inter
955 2618 1087 2668 dubii,
1114 2633 1188 2660 seu
1210 2619 1347 2659 vivere
1371 2617 1548 2667 credant,

353 2680 437 2720 sive
463 2686 643 2721 extrema
665 2681 751 2735 pati
774 2695 850 2722 nec
873 2681 955 2722 iam
980 2680 1173 2722 exaudire
1195 2685 1377 2721 vocatos.

264 2753 329 2784 220
351 2741 566 2795 praecipue
591 2741 682 2795 pius
707 2740 873 2783 Aeneas
897 2755 1006 2782 nunc
1030 2741 1134 2782 aeris
1161 2739 1320 2789 Oronti,
