1820 3080
406 330 486 372 308
803 336 845 369 P.
864 333 1095 370 VERGILII
1113 333 1337 369 MARONIS

402 441 556 495 primus
582 452 676 492 ego,
701 436 878 476 invisum
901 449 1024 488 quem
1047 440 1092 475 tu
1115 434 1188 475 tibi
1210 433 1350 489 fingis,
1375 441 1415 476 et
1438 450 1528 477 esse

316 515 379 545 365
404 501 459 541 nil
483 513 634 546 moror,
660 512 710 537 en
735 495 907 550 supplex
931 495 1062 536 venio.
1087 495 1279 536 miserere
1304 502 1477 544 tuorum,

401 575 507 615 pone
531 558 687 600 animos
712 562 752 597 et
775 556 918 611 pulsus
943 555 1022 597 abi.
1049 561 1112 596 sat
1135 555 1280 597 funera
1302 555 1386 597 fusi

402 620 596 667 vidimus,
621 618 807 672 ingentes
833 622 873 657 et
896 616 1171 658 desolavimus
1195 631 1330 672 agros.

402 687 488 729 aut,
515 679 550 721 si
572 679 684 720 fama
707 683 861 727 movet,
888 677 923 718 si
946 683 1103 718 tantum
1127 684 1290 732 pectore
1313 678 1437 719 robur

402 740 580 795 concipis
605 746 645 781 ct
669 740 704 781 si
727 739 830 780 adeo
854 738 998 780 dotalis
1022 739 1136 793 regia
1160 738 1271 779 cordi
1295 745 1368 788 est,

314 817 377 846 370
402 803 506 844 aude
530 808 652 855 atque
676 801 894 842 adversum
917 800 1046 841 fidens
1071 800 1134 841 fer
1155 806 1299 855 pectus
1323 801 1366 841 in
1390 801 1561 842 hostem.

404 863 575 912 scilicet,
600 868 645 903 ut
669 861 810 903 Turno
834 861 1044 917 contingat
1065 861 1179 916 regia
1202 861 1391 910 coniunx,

402 939 496 973 nos,
522 923 680 964 animae
704 922 824 972 viles,
850 922 1061 963 inhumata
1082 922 1301 976 infletaque
1325 923 1456 972 turba,

404 993 631 1026 sternamur
654 984 821 1037 campis.
847 983 970 1024 etiam
993 988 1056 1033 tu,
1082 984 1118 1025 si
1142 997 1224 1037 qua
1247 982 1321 1025 tibi
1343 983 1419 1034 vis,

405 1045 439 1086 si
461 1045 581 1100 patrii
603 1044 703 1098 quid
724 1043 873 1085 Martis
897 1043 1043 1093 habes,
1068 1043 1183 1084 illum
1207 1045 1344 1099 aspice
1368 1051 1518 1094 contra,

316 1119 379 1149 375
404 1106 475 1159 qui
498 1107 658 1147 vocat.“

460 1166 630 1208 Talibus
656 1165 806 1207 exarsit
830 1166 947 1207 (lictis
972 1166 1165 1207 violentia
1188 1166 1336 1216 Turni3

405 1227 474 1268 dat
497 1226 711 1282 gemitum,
736 1227 966 1281 rumpitque
989 1227 1064 1268 has
1087 1228 1170 1268 imo
1193 1234 1356 1281 pectore
1379 1242 1520 1269 voces:

407 1288 547 1343 „larga
571 1288 754 1341 quidem,
778 1287 963 1337 Drance,
990 1302 1151 1342 semper
1174 1288 1247 1329 tibi
1270 1289 1388 1345 copia
1410 1288 1523 1329 fandi

406 1356 510 1397 tum,
537 1362 630 1388 cum
653 1347 760 1389 bella
782 1363 927 1388 manus
951 1354 1143 1402 poscunt,
1168 1348 1433 1402 patribusque
1456 1350 1611 1390 vocatis

319 1422 381 1451 380
403 1409 558 1464 primus
584 1409 694 1449 ades.
721 1409 793 1450 sed
817 1423 900 1449 non
921 1408 1115 1462 replenda
1138 1415 1200 1450 est
1223 1409 1335 1450 curia
1359 1409 1506 1459 verbis,

406 1484 510 1523 quae
535 1476 620 1510 tuto
644 1469 718 1510 tibi
740 1484 892 1524 magna
914 1469 1069 1518 volant,
1095 1469 1194 1510 dum
1217 1470 1380 1511 distinet
1404 1470 1562 1512 hostem

407 1544 534 1585 agger
556 1544 805 1579 moerorum,
829 1544 906 1571 nec
928 1530 1127 1571 inundant
1151 1531 1348 1586 sanguine
1372 1531 1522 1573 fossae.

405 1591 574 1645 proinde
599 1597 694 1631 tona
717 1590 898 1644 eloquio;
923 1591 1086 1632 solitum
1110 1590 1202 1641 tibi3
1227 1606 1373 1645 meque
1396 1592 1550 1633 timoris

407 1665 532 1706 argue
556 1658 617 1700 tu,
642 1650 826 1701 Drance,
852 1652 1016 1705 quando
1040 1657 1100 1693 tot
1123 1653 1271 1707 stragis
1295 1667 1462 1694 acervos

320 1725 382 1755 385
408 1711 660 1753 Teucrorum
684 1718 755 1753 tua
778 1712 921 1753 dextra
944 1712 1073 1761 dedit,
1098 1713 1334 1767 passimque
1359 1714 1534 1768 tropaeis

406 1772 578 1828 insignis
603 1787 736 1827 agros.
761 1772 892 1827 possit
915 1773 1015 1826 quid
1037 1773 1175 1814 vivida
1197 1773 1340 1823 virtus,

408 1834 615 1887 experiare
637 1833 750 1882 licet3
775 1847 850 1874 nec
873 1834 994 1889 longe
1020 1834 1175 1875 scilicet
1197 1834 1335 1876 hostes

407 1893 628 1946 quaerendi
651 1893 788 1943 nobis,
814 1894 1076 1935 circumstant
1099 1896 1278 1948 undique
1301 1910 1451 1937 muros.

407 1954 514 1996 imus
538 1954 581 1994 in
605 1954 823 1996 adversos?
847 1955 945 2008 quid
969 1956 1132 1996 cessas?
1155 1971 1207 1996 an
1231 1956 1304 1996 tibi
1327 1956 1496 1998 Mavors

320 2026 382 2057 390
408 2020 576 2056 ventosa
599 2016 641 2055 in
664 2015 805 2070 lingua
826 2015 1082 2070 pedibusque
1106 2017 1322 2071 fugacibus
1347 2018 1435 2059 istis

408 2090 569 2130 semper
593 2075 692 2116 erit?

405 2136 549 2190 pulsus
574 2137 676 2191 ego?
699 2142 769 2178 aut
791 2137 1009 2192 quisquam
1031 2138 1194 2188 merito,
1220 2138 1473 2188 foedissime,
1499 2140 1659 2193 pulsum

407 2203 567 2252 arguet,
592 2197 719 2238 Iliaco
744 2198 946 2239 tumidum
970 2199 1040 2252 qui
1064 2213 1245 2241 creseere
1269 2199 1469 2253 Thybrim

408 2258 605 2313 sanguine
630 2264 669 2299 et
691 2257 878 2300 Euandri
901 2265 1028 2300 totam
1052 2273 1145 2301 cum
1170 2260 1293 2314 stirpe
1316 2260 1469 2301 videbit

319 2331 382 2361 395
405 2318 671 2372 procubuisse
695 2320 862 2361 domum
886 2327 1008 2374 atque
1032 2328 1175 2363 exutos
1199 2321 1386 2363 Arcadas
1410 2323 1558 2363 armis?

405 2379 516 2420 haud
538 2380 595 2422 ita
617 2395 683 2422 me
707 2382 863 2436 experti
886 2381 1017 2423 Bitias
1042 2388 1082 2423 et
1105 2382 1318 2424 Pandarus
1341 2383 1499 2438 ingens,

407 2445 447 2481 et
470 2455 573 2494 quos
597 2441 706 2482 mille
731 2442 796 2483 die
820 2442 950 2484 victor
973 2442 1049 2484 sub
1075 2443 1246 2484 Tartara
1268 2443 1373 2493 misi,

405 2501 587 2543 inclusus
611 2503 738 2544 muris
762 2503 980 2557 hostilique
1004 2518 1154 2559 aggere
1179 2505 1356 2559 saeptus.

406 2562 532 2611 ,nulla
555 2563 665 2605 salus
689 2563 825 2606 bello.‘
849 2565 971 2619 capiti
994 2579 1094 2606 cane
1118 2565 1232 2615 talia,
1258 2565 1437 2614 demens,

324 2635 383 2665 400
406 2622 625 2666 Dardanio·
639 2625 843 2680 rebusque
867 2627 960 2668 tuis.
985 2627 1154 2682 proinde
1177 2628 1313 2669 omnia
1335 2641 1483 2682 magno

407 2698 459 2725 ne
482 2698 600 2726 cessa
622 2685 784 2728 turbare
808 2694 919 2729 metu
942 2696 1064 2741 atque
1088 2688 1279 2730 extollere
1302 2688 1399 2729 viris

407 2744 541 2798 gentis
566 2745 628 2788 bis
654 2747 801 2798 victae,
827 2754 966 2790 contra
987 2763 1170 2802 premere
1195 2764 1307 2791 arma
1329 2748 1479 2790 Latini.
