1794 3048
301 274 352 316 78
701 284 742 318 Ρ.
762 283 993 320 VERGILII
1011 282 1235 320 MARole

210 396 274 427 225
299 384 451 426 scilicet
475 384 556 424 huc
579 385 692 425 reddi
716 384 863 425 deinde
886 398 934 424 ac
957 384 1136 425 resoluta
1157 384 1298 426 referri

298 445 445 495 omnia,
471 459 547 485 nec
571 445 690 486 morti
713 458 805 485 esse
828 444 982 494 locum,
1008 445 1082 486 sed
1105 445 1200 487 viva
1222 446 1359 487 volare

298 506 440 547 sideris
465 506 508 546 in
531 520 745 546 numerum
769 511 891 559 atque
915 505 997 547 alto
1021 507 1240 548 succedere
1264 507 1389 549 caelo.

355 565 404 608 Si
428 567 592 619 quando
617 566 758 607 sedem
782 572 1000 622 augustam
1026 573 1265 621 servataque
1289 569 1410 610 mella

299 626 497 668 thesauris
520 626 687 676 relines,
712 627 824 681 prius
850 627 1002 669 haustu
1026 643 1192 683 sparsus
1217 643 1415 682 aquarum

207 699 271 730 230
295 702 367 728 ora
390 687 484 728 fove
508 687 726 742 fumosque
751 698 874 730 manu
898 690 1116 744 praetende
1141 691 1341 744 sequacis.

295 748 358 789 bis
382 749 574 804 gravidos
599 756 751 805 cogunt
773 750 901 800 fetus,
928 751 1010 792 duo
1034 757 1219 806 tempora
1241 752 1402 802 messis,

295 809 481 865 Taygete
506 811 626 852 simul
650 826 696 853 os
721 811 837 853 terris
862 812 1040 854 ostendit
1062 812 1281 855 honestum

293 869 407 912 Plias
432 877 472 912 et
498 870 657 914 Oceani
681 879 839 927 spretos
863 873 968 928 pede
991 873 1167 928 reppulit
1190 874 1335 924 amnis,

294 937 365 973 aut
388 933 531 973 eadem
557 933 669 974 sidus
694 933 859 989 fugiens
883 933 956 976 ubi
977 933 1111 976 Piscis
1137 935 1280 988 aquosi

205 1005 269 1036 235
294 993 446 1034 tristior
467 993 659 1036 hibernas
685 995 797 1036 caelo
822 995 1033 1037 descendit
1055 996 1099 1036 in
1122 996 1266 1037 undas.

293 1054 372 1095 illis
397 1054 456 1095 ira
480 1055 648 1096 modum
673 1070 797 1111 supra
820 1062 900 1106 est,
924 1056 1141 1110 laesaeque
1165 1071 1368 1098 venenum

294 1114 499 1156 morsibus
524 1116 724 1171 inspirant
747 1123 788 1158 et
811 1117 968 1172 spicula
991 1131 1115 1159 caeca
1137 1117 1369 1171 relinquunt

297 1175 457 1217 adfixae
481 1177 596 1218 venis
621 1178 860 1231 animasque
883 1178 927 1219 in
949 1178 1113 1220 volnere
1136 1176 1304 1233 ponunt.

299 1237 363 1278 sin
385 1237 530 1279 duram
553 1244 711 1280 metues
736 1238 913 1280 hiemem
936 1254 1162 1294 parcesque
1186 1239 1324 1280 futuro

205 1311 270 1340 240
294 1303 598 1352 contunsosque
621 1299 778 1341 animos
803 1306 844 1341 et
866 1315 931 1341 res
956 1299 1202 1341 miserabere
1227 1300 1390 1348 fractas,

296 1366 338 1399 at
362 1359 502 1400 suffire
528 1359 668 1414 thymo
693 1375 888 1413 cerasque
912 1360 1092 1401 recidere
1115 1361 1256 1401 inanes

295 1420 387 1473 quis
412 1419 593 1461 dubitet?
616 1436 712 1461 nam
737 1435 859 1475 saepe
883 1420 1001 1462 favos
1025 1421 1190 1476 ignotus
1216 1421 1352 1462 adedit

295 1480 412 1522 stelio
437 1486 477 1521 et
500 1480 695 1535 lucifugis
719 1487 917 1537 congesta
940 1481 1090 1523 cubilia
1113 1482 1250 1524 blattis

292 1541 553 1595 inmunisque
578 1542 725 1584 sedens
750 1542 882 1584 aliena
905 1543 958 1584 ad
979 1542 1132 1598 pabula
1154 1542 1294 1592 fucus3

205 1615 268 1644 245
293 1608 364 1643 aut
387 1617 508 1657 asper
531 1602 673 1645 crabro
696 1603 906 1658 inparibus
932 1618 976 1646 se
999 1604 1207 1645 inmiscuit
1230 1604 1367 1655 armis,

293 1671 363 1705 aut
387 1664 537 1714 dirum,
563 1664 703 1714 tiniae,
728 1680 880 1720 genus,
905 1671 976 1707 aut
999 1666 1133 1707 invisa
1154 1664 1369 1707 Minervae

291 1725 408 1766 laxos
433 1725 476 1766 in
500 1725 658 1767 foribus
683 1726 897 1781 suspendit
920 1741 1068 1768 aranea
1091 1740 1244 1769 casses.

292 1801 374 1840 quo
398 1787 531 1842 magis
557 1787 780 1829 exhaustae
804 1788 973 1838 fuerint,
998 1788 1076 1830 hoc
1100 1788 1234 1830 acrius
1258 1802 1400 1830 omnes

290 1846 528 1888 incumbent
550 1849 713 1903 generis
736 1848 842 1903 lapsi
866 1849 1014 1890 sarcire
1037 1850 1176 1891 ruinas

202 1920 269 1955 250
293 1907 620 1962 conplebuntque
644 1908 755 1950 foros
780 1915 820 1950 et
842 1909 1010 1951 floribus
1034 1910 1180 1951 horrea
1203 1915 1354 1951 texent.

350 1967 398 2011 Si
420 1983 536 2019 vero,
561 1970 755 2023 quoniam
778 1984 898 2012 casus
923 1970 1069 2025 apibus
1092 1985 1257 2024 quoque
1281 1976 1441 2011 nostros

291 2030 376 2070 vita
399 2029 508 2079 tulit,
534 2030 640 2071 tristi
662 2030 917 2086 languebunt
939 2045 1109 2086 corpora
1131 2031 1286 2080 morbo,

291 2090 403 2145 quod
424 2091 508 2132 iam
530 2106 613 2133 non
636 2091 770 2133 dubiis
794 2091 947 2147 poteris
972 2105 1220 2147 cognoscere
1245 2091 1392 2147 signis:

291 2151 483 2193 continuo
508 2158 571 2193 est
593 2152 728 2207 aegris
753 2152 857 2194 alius
882 2153 1010 2194 color:
1035 2152 1196 2193 horrida
1221 2152 1375 2193 voltum

202 2226 267 2257 255
291 2213 494 2254 deformat
516 2213 668 2255 macies
676 2229 687 2264 ;
713 2218 800 2254 tum
824 2228 993 2268 corpora
1014 2213 1105 2255 luce
1130 2219 1339 2254 carentum

292 2280 507 2329 exportant
528 2274 646 2316 tectis
669 2279 711 2316 et
733 2274 864 2316 tristia
886 2274 1031 2316 funera
1054 2274 1227 2323 ducunt;

292 2341 363 2376 aut
385 2335 478 2376 illae
500 2334 675 2390 pedibus
701 2349 909 2377 connexae
934 2335 988 2376 ad
1009 2335 1150 2376 limina
1178 2334 1370 2390 pendent,

292 2402 362 2438 aut
385 2397 494 2438 intus
519 2396 669 2438 clausis
694 2402 935 2438 cunctantur
957 2397 999 2438 in
1024 2396 1193 2438 aedibus
1218 2409 1359 2438 omnes

291 2458 546 2513 ignavaeque
570 2457 679 2498 fame
704 2463 744 2499 et
767 2463 973 2499 contracto
997 2457 1148 2513 frigore
1171 2457 1326 2512 pigrae.

204 2531 269 2563 260
292 2524 379 2559 tum
404 2533 528 2560 sonus
552 2518 715 2560 auditur
737 2518 901 2574 gravior
923 2519 1166 2572 tractimque
1190 2525 1413 2565 susurrant,

291 2578 466 2634 frigidus
489 2585 536 2620 ut
558 2579 766 2633 quondam
790 2579 902 2621 silvis
925 2579 1194 2620 inmurmurat
1217 2583 1364 2626 auster,

292 2645 338 2679 ut
360 2654 472 2681 mare
496 2640 712 2682 sollicitum
737 2640 869 2681 stridit
890 2640 1154 2681 refluentibus
1178 2638 1311 2686 undis,

293 2706 452 2741 aestuat
476 2706 520 2740 ut
544 2700 693 2741 clausis
718 2701 883 2755 rapidus
908 2700 1141 2742 fornacibus
1164 2698 1284 2754 ignis.

1782 2885 1794 3048 &df-254&
1790 2831 1794 2875 2⁴—
1791 2771 1794 2826 ι
