1780 3074
540 308 799 348 AENEIDOS
818 309 916 346 LIB.
935 310 1005 347 ΠΙ.
1260 309 1267 311 ”
1372 302 1455 344 135

95 419 169 462 sed
191 417 285 473 quis
310 416 364 459 ad
387 415 620 472 Hesperiae
644 420 839 456 venturos
863 413 985 456 litora
1008 413 1194 456 Teucros

61 495 66 500 ·
94 480 303 524 erederet?
326 485 398 522 aut
421 493 547 533 quem
570 483 660 519 tum
682 483 800 519 vates
826 475 1066 518 Cassandra
1088 476 1298 519 moveret?

93 544 289 586 cedamus
312 540 487 583 Phoebo
511 546 552 582 et
574 539 720 582 moniti
742 538 914 581 meliora
938 540 1199 593 sequamur.“

94 607 154 648 sie
177 606 235 648 ait
258 611 300 647 et
323 603 461 646 euneti
484 603 594 645 dieto
617 616 812 658 paremus
837 607 1024 644 ovantes.

92 668 200 710 hane
223 681 388 722 quoque
412 665 642 708 deserimus
667 664 828 714 sedem,
852 663 1081 719 paucisque
1104 663 1258 705 relictis
1485 677 1550 708 190

92 730 184 773 vela
208 730 375 779 damus,
399 734 647 782 vastumque
672 741 776 769 cava
798 725 915 768 trabe
938 725 1140 768 currimus
1165 740 1333 780 aequor.

147 792 380 846 Postquam
403 790 534 832 altum
556 796 725 831 tenuere
748 795 878 839 rates,
908 802 987 830 nee
1009 787 1092 829 iam
1117 788 1295 844 amplius
1319 788 1429 830 ullae

93 855 292 911 adparent
315 859 464 903 terrae,
491 851 654 894 eaelum
676 850 861 905 undique
885 856 927 892 et
949 850 1133 903 undique
1156 857 1324 905 pontus,

92 924 180 959 tum
204 915 307 957 mihi
330 914 542 957 caeruleus
568 927 694 969 supra
718 918 844 968 caput
866 912 1026 956 adstitit
1047 910 1193 962 imber,

91 984 256 1021 noctem
279 977 541 1031 hiememque
564 975 724 1026 ferens,
749 981 790 1017 et
813 974 1016 1017 inhorruit
1038 974 1152 1016 unda
1175 974 1368 1018 tenebris.
1485 989 1548 1020 195

91 1040 287 1082 continuo
309 1039 423 1081 venti
445 1038 617 1080 volvunt
639 1051 754 1079 mare
776 1050 1012 1093 magnaque
1036 1043 1214 1093 surgunt

90 1116 287 1156 aequora3
313 1100 488 1156 dispersi
511 1100 713 1142 iactamur
734 1099 900 1155 gurgite
923 1105 1062 1149 vasto3

89 1163 300 1206 involvere
325 1163 435 1205 diem
458 1162 589 1204 nimbi
612 1168 654 1204 et
676 1176 761 1204 nox
784 1161 957 1203 humida
981 1161 1142 1203 caelum

90 1226 277 1277 abstulit;
301 1225 558 1282 ingeminant
580 1224 766 1280 abruptis
790 1223 973 1266 nubibus
996 1224 1130 1280 ignes.

90 1287 323 1330 excutimur
345 1302 471 1329 cursu
494 1293 535 1329 et
558 1286 693 1328 caeeis
717 1301 903 1328 erramus
926 1286 970 1327 in
993 1286 1130 1328 undis.
1482 1301 1549 1332 200

90 1351 181 1406 ipse
204 1349 315 1391 diem
338 1355 584 1403 noctemque
607 1355 733 1404 negat
756 1348 989 1390 discernere
1013 1349 1141 1398 caelo,

90 1426 167 1454 1100
190 1411 428 1453 meminisse
451 1410 544 1452 viae
566 1410 704 1452 media
726 1410 948 1452 Palinurus
972 1410 1018 1452 in
1039 1411 1164 1453 unda.

90 1474 164 1516 tris
188 1474 292 1516 adeo
315 1473 494 1515 incertos
519 1488 644 1515 caeca
666 1473 843 1529 ealigine
869 1473 978 1515 soles

90 1551 274 1580 erramus
297 1535 467 1592 pelago,
493 1536 665 1578 totidem
690 1535 778 1577 sine
804 1535 938 1578 sidere
961 1542 1118 1578 noctes.

88 1604 235 1653 quarto
259 1604 368 1641 terra
390 1598 456 1640 die
479 1599 660 1654 primum
685 1613 730 1640 se
754 1598 939 1641 attollere
963 1599 1131 1640 tandem
1482 1613 1547 1643 205

89 1660 198 1711 visa,
224 1660 382 1716 aperire
405 1661 549 1716 procul
573 1661 725 1703 montis
750 1675 798 1703 ac
822 1661 990 1703 volvere
1013 1661 1189 1703 fumum.

88 1722 182 1764 vela
205 1723 376 1773 cadunt,
401 1723 525 1765 remis
549 1723 824 1779 insurgimus3
848 1723 962 1765 haud
985 1738 1119 1774 mora,
1144 1729 1295 1765 nautae

89 1783 232 1826 adnixi
256 1791 448 1839 torquent
472 1800 642 1840 spumas
667 1791 708 1826 et
732 1785 897 1827 caerula
919 1791 1100 1827 verrunt.

90 1852 299 1888 servatum
323 1861 376 1888 ex
399 1846 521 1889 undis
548 1845 830 1902 Strophadum
852 1861 920 1888 me
943 1846 1064 1888 litora
1085 1847 1266 1902 primum

88 1908 312 1963 accipiunt,
341 1907 595 1964 Strophades
621 1907 750 1952 Graio
775 1915 886 1950 stant
908 1910 1075 1951 nomine
1100 1909 1236 1951 dictae
1480 1922 1548 1952 210

88 1970 248 2012 insulae
271 1970 390 2013 Ionio
413 1971 457 2013 in
479 1986 651 2028 magno,
676 1985 781 2026 quas
806 1971 896 2014 dira
921 1970 1104 2014 Celaeno

87 2031 383 2088 Harpyiaeque
407 2033 547 2075 colunt
569 2033 693 2084 aliae,
716 2033 894 2076 Phineia
915 2040 1139 2090 postquam

89 2095 231 2136 clausa
253 2095 420 2147 domus,
445 2110 695 2151 mensasque
718 2103 834 2138 metu
856 2097 1014 2152 liquere
1036 2098 1209 2153 priores.

89 2156 245 2198 tristius
268 2156 380 2199 haud
403 2157 483 2200 illis
507 2165 756 2209 monstrum,
780 2173 859 2201 nee
883 2159 1045 2201 saevior
1066 2159 1152 2201 ulla

88 2217 218 2273 pestis
242 2223 283 2259 et
304 2218 366 2260 ira
389 2219 514 2260 deum
538 2218 699 2275 Stygiis
724 2235 816 2262 sese
841 2221 988 2262 extulit
1010 2221 1147 2263 undis.
1479 2232 1544 2262 215

90 2279 265 2334 virginei
286 2279 501 2321 voluerum
523 2281 680 2331 voltus,
705 2281 949 2324 foedissima
971 2283 1126 2324 ventris

89 2340 317 2395 proluvies,
341 2355 555 2395 uncaeque
578 2357 727 2385 manus
751 2350 793 2385 et
814 2344 969 2399 pallida
993 2359 1157 2399 semper

89 2416 163 2443 ora
185 2401 309 2443 fame.

89 2463 171 2505 hue
195 2462 268 2505 ubi
291 2463 415 2505 delati
438 2470 582 2519 portus
606 2465 868 2517 intravimus,
894 2480 991 2508 0000

88 2525 197 2567 laeta
219 2524 347 2567 boum
369 2526 527 2581 passim
552 2527 709 2582 campis
734 2534 920 2570 armenta
942 2527 1131 2570 videmus
1476 2539 1542 2570 220

90 2587 439 2644 caprigenumque
461 2602 590 2644 pecus
613 2589 727 2631 nullo
752 2590 922 2632 custode
945 2605 1021 2646 per
1042 2589 1205 2632 herbas.

89 2649 290 2692 inruimus
315 2649 424 2693 ferro
448 2657 489 2692 et
513 2651 582 2692 div
585 2665 631 2693 os
655 2651 876 2707 ipsumque
899 2666 1098 2694 vocamus

88 2710 132 2752 in
154 2718 314 2766 partem
335 2713 614 2768 praedamque
637 2713 803 2765 Iovem3
827 2720 916 2755 tum
939 2714 1056 2756 litore
1081 2728 1206 2756 curvo

90 2773 420 2828 exstruimusque
446 2780 557 2817 toros
582 2774 840 2831 dapibusque
865 2775 1080 2831 epulamur
1102 2775 1264 2832 opimis.
