1800 3106
560 307 821 345 AENEIDOS
840 307 927 343 LIB
948 308 995 342 X.

94 419 134 455 et
155 413 311 455 Dauno
334 427 503 469 possem
527 412 778 455 ineolumem
804 426 968 472 seryare
991 412 1164 469 parenti.

91 490 201 518 nunc
223 481 384 531 pereat,
411 476 669 530 Teucrisque
693 475 762 531 pio
787 475 858 517 det
882 475 1085 532 sanguine
1108 489 1277 531 poenas.

90 537 159 579 ille
183 544 321 580 tamen
346 544 487 580 nostra
511 538 679 579 deducit
703 537 862 594 origine
886 552 1051 588 nomen,

90 599 393 655 Pilumnusque
417 601 477 642 illi
500 607 672 655 quartus
698 607 833 656 pater,
860 606 902 642 et
925 606 998 642 tua
1020 600 1139 657 larga

91 677 216 719 saepe
239 678 366 705 manu
389 663 614 717 multisque
639 663 825 705 oneravit
848 662 992 704 limina
1015 663 1176 704 donis.“

91 725 158 766 cui
181 739 255 767 rex
279 725 450 767 aetherii
474 725 653 767 breviter
677 725 737 767 sic
761 724 873 767 fatus
900 723 1094 781 Olympi:

93 786 153 837 „si
178 801 294 829 mora
317 787 548 843 praesentis
572 787 644 829 leti
668 793 916 842 tempusque
941 787 1100 829 caduco

91 854 232 891 oratur
254 849 412 900 iuveni,
437 864 588 903 meque
611 848 693 891 hoc
715 849 774 891 ita
796 863 952 905 ponere
978 850 1120 900 sentis,

90 910 188 952 tolle
211 910 314 967 fuga
338 911 528 952 Turnum
552 917 676 965 atque
700 911 953 954 instantibus
979 912 1091 968 eripe
1115 911 1226 954 fatis.

91 972 291 1015 haetenus
315 973 538 1016 indulsisse
563 980 696 1015 vacat.
723 974 788 1015 sin
812 973 933 1016 altior
955 974 1046 1016 istis

91 1033 169 1076 sub
191 1035 385 1091 precibus
408 1036 532 1077 venia
555 1036 640 1077 ulla
662 1036 781 1086 latet,
807 1042 1024 1090 totumque
1048 1037 1207 1078 moveri

90 1098 291 1140 mutarive
314 1104 437 1153 putas
462 1097 636 1149 bellum,
663 1113 759 1153 spes
782 1099 922 1154 pascis
947 1099 1124 1140 inanis.“

91 1167 132 1201 et
154 1160 262 1202 Iuno
287 1160 582 1202 adlacrimans:
610 1161 756 1215 „quid,
783 1160 837 1211 si,
863 1175 971 1215 quae
995 1176 1098 1203 voce
1122 1162 1324 1218 gravaris,

91 1229 228 1264 mente
252 1223 391 1272 dares,
417 1228 542 1277 atque
565 1222 670 1264 haec
695 1223 839 1264 Turno
863 1230 953 1265 rata
976 1224 1062 1265 vita
1087 1224 1298 1265 maneret?

91 1298 203 1326 nunc
226 1290 366 1326 manet
388 1285 594 1326 insontem
619 1285 759 1340 gravis
784 1285 939 1336 exitus,
965 1292 1038 1327 aut
1061 1301 1141 1342 ego
1166 1287 1253 1327 veri

92 1361 200 1388 vana
222 1346 345 1388 feror.
371 1347 484 1401 quod
507 1353 554 1388 ut
578 1362 602 1388 o
626 1347 764 1402 potius
790 1347 1011 1390 formidine
1036 1348 1144 1390 falsa

92 1408 212 1450 ludar
235 1415 276 1450 et
298 1409 342 1450 in
365 1408 513 1450 melius
538 1415 628 1459 tua,
654 1410 726 1463 qui
748 1416 888 1465 potes,
915 1425 1010 1452 orsa
1032 1411 1273 1452 reflectas!“

92 1471 195 1512 haec
219 1470 291 1513 ubi
315 1471 426 1513 dicta
450 1471 582 1522 dedit,
608 1472 724 1514 caelo
750 1486 794 1513 se
819 1472 1007 1527 protinus
1033 1473 1117 1514 alto

93 1533 222 1584 misit,
249 1548 378 1590 agens
403 1533 583 1575 hiemem
606 1533 749 1576 nimbo
774 1534 985 1576 succincta
1007 1549 1082 1590 per
1105 1550 1240 1585 auras,

92 1595 345 1650 Iliacamque
369 1596 503 1638 aciem
526 1603 568 1638 et
590 1596 820 1638 Laurentia
844 1603 981 1639 castra
1004 1597 1164 1652 petivit.

93 1664 182 1699 tum
206 1658 284 1700 dea
308 1658 419 1700 nube
444 1674 548 1701 cava
570 1665 738 1701 tenuem
764 1659 852 1701 sine
876 1659 1033 1702 viribus
1059 1659 1248 1701 umbram

92 1720 136 1761 in
159 1719 310 1762 faciem
333 1721 504 1762 Aeneae
530 1747 584 1752 —
609 1721 704 1763 visu
727 1721 915 1763 mirabile
940 1728 1172 1763 monstrum
1197 1747 1252 1752 ——

92 1781 318 1824 Dardaniis
344 1788 463 1825 ornat
486 1783 599 1834 telis,
626 1784 888 1839 clipeumque
912 1784 1116 1839 iubasque

93 1845 223 1886 divini
247 1845 469 1887 adsimulat
494 1846 659 1902 capitis,
685 1847 757 1888 dat
779 1846 920 1888 inania
942 1847 1082 1898 verba,

94 1907 165 1948 dat
190 1907 278 1949 sine
302 1914 440 1950 mente
465 1923 632 1959 sonum,
658 1923 913 1965 gressusque
938 1909 1101 1966 effingit
1125 1911 1274 1960 euntis,

95 1975 225 2011 morte
249 1969 362 2012 obita
384 1971 519 2025 qualis
543 1971 658 2013 sama
681 1978 745 2014 est
769 1972 940 2014 volitare
963 1972 1134 2029 figuraS,

94 2037 166 2073 aut
189 2046 297 2086 quae
322 2033 478 2089 sopitos
503 2033 704 2076 deludunt
729 2035 890 2077 somnia
914 2049 1075 2077 sensus.

95 2099 137 2135 at
158 2094 313 2150 primas
337 2095 446 2138 laeta
469 2103 564 2138 ante
589 2097 699 2139 acies
725 2093 906 2139 exsultat
929 2098 1081 2154 imago,

94 2155 315 2211 inritatque
339 2158 474 2199 virum
499 2159 592 2201 telis
618 2165 660 2200 et
683 2174 786 2201 voce
809 2159 991 2202 lacessit.

95 2217 221 2260 instat
244 2219 310 2260 cui
335 2219 522 2270 Turnus,
549 2221 873 2276 stridentemque
897 2222 1060 2263 eminus
1085 2222 1248 2263 hastam

97 2279 246 2322 conicit
253 2296 264 2330 3
290 2280 361 2322 illa
384 2281 481 2323 dato
505 2283 628 2323 vertit
652 2283 830 2340 vestigia
853 2289 984 2339 tergo.

97 2347 185 2383 tum
209 2355 308 2383 vero
332 2341 508 2383 Aenean
532 2358 726 2386 aversum
749 2350 796 2385 ut
819 2345 965 2386 cedere
990 2344 1158 2386 Turnus

98 2402 270 2445 credidit
293 2410 417 2458 atque
442 2405 580 2446 animo
605 2420 723 2460 spem
747 2405 937 2448 turbidus
962 2406 1102 2449 hausit
1125 2406 1310 2448 inanem:

101 2479 211 2520 „quo
235 2465 369 2522 fugis,
394 2464 568 2508 Aenea?
592 2467 796 2510 thalamos
820 2482 873 2510 ne
897 2468 1041 2510 desere
1064 2474 1228 2523 pactos3

98 2527 177 2570 hac
200 2527 366 2570 dabitur
389 2529 534 2571 dextra
557 2529 680 2572 tellus
704 2530 893 2584 quaesita
914 2544 990 2586 per
1012 2530 1188 2572 undas.“

99 2589 197 2632 talia.
220 2591 452 2633 vociferans
479 2591 683 2645 sequitur,
710 2592 980 2647 strictumque
1004 2598 1196 2634 coruscat

100 2666 357 2704 mucronem,
383 2669 461 2695 nec
484 2653 592 2695 ferre
616 2654 728 2695 videt
755 2669 832 2696 sua
855 2654 1010 2711 gaudia
1033 2661 1191 2696 ventos.

101 2712 206 2756 forte
228 2715 328 2757 ratis
353 2716 454 2758 celsi
478 2716 697 2758 coniuncta
721 2717 931 2772 crepidine
957 2717 1047 2759 saxi

103 2776 300 2831 expositis
326 2778 460 2820 stabat
487 2778 610 2821 scalis
635 2786 676 2821 et
699 2785 824 2834 ponte
847 2785 1005 2835 parato,

1147 2838 1229 2881 19⁴*

1378 297 1458 339 291

1489 426 1554 456 615

1491 737 1557 768 620

1491 1049 1554 1080 625

1491 1363 1558 1393 630

1492 1672 1556 1704 635

1493 1987 1561 2017 610

1493 2297 1557 2328 ⁶45

1494 2606 1558 2636 650
