1748 3048
374 282 459 310 XVI
937 279 1144 304 PRAEFATIO

371 387 498 418 rorum,
511 387 660 410 convexa
672 377 709 409 et
721 379 893 414 convecta,
907 372 1008 409 uallis
1021 374 1058 405 et
1070 372 1194 411 valles,
1207 371 1371 405 Lavinius
1384 374 1422 406 et
1433 371 1594 413 Lavinus,
1608 374 1660 415 et,
1673 372 1704 406 si

371 426 499 462 Servio
513 426 662 460 credere
675 424 779 467 licet,
805 423 900 456 inter
914 422 1073 454 obtunsus
1086 424 1124 455 et
1136 421 1282 454 obtusus.
1329 421 1529 456 Praeterea
1542 420 1706 456 Servium

370 477 418 511 ad
424 474 650 518 A.V1111,82
664 476 809 507 secutus
822 473 1020 516 Rhiphaeos,
1035 469 1208 515 Scythiae
1221 474 1377 514 montes,
1393 482 1474 505 cum
1482 470 1705 516 aspiratione

372 525 517 570 scripsi,
532 524 632 569 quod
644 522 837 557 Heinsium
850 531 998 566 quoque
1011 520 1146 554 fecisse
1159 520 1268 554 video
1281 520 1320 554 in
1334 519 1549 555 Claudiano.

435 573 736 617 Interpunctione
760 574 900 605 mutata
929 570 1114 604 interdum
1142 580 1266 604 veram
1291 569 1509 604 sententiam
1531 570 1705 615 patefeci,

370 627 410 657 ut
426 622 470 657 A.
494 622 540 666 V,
564 621 630 656 813
654 624 816 655 veterem
839 618 1125 664 interpungendi
1148 618 1328 653 rationem
1351 622 1487 653 temere
1519 619 1706 663 expulsam

368 671 529 715 restitui,
542 671 630 705 item
642 670 684 704 B.
698 670 735 704 X
747 670 825 704 init.
839 673 876 704 et
888 669 988 703 alibi.

434 720 675 756 Coniecturas
687 730 771 754 raro
786 718 934 762 admisi,
947 717 1165 763 praesertim
1179 728 1287 762 quum
1302 717 1340 751 in
1353 717 1398 751 iis
1410 717 1503 752 locis
1512 743 1521 761 ,
1537 716 1599 762 qui
1610 716 1706 751 inter

367 769 603 813 insolubiles,
627 772 669 803 ut
681 768 798 803 Servii
810 778 902 802 voce
915 771 1016 811 utar,
1040 766 1226 801 referendi
1239 766 1426 810 videntur,
1452 777 1545 811 quos
1558 766 1634 800 XII
1646 766 1706 800 vel

367 821 463 854 XIII
475 823 619 854 veteres
633 829 714 853 esse
727 819 940 861 voluerunt,
959 817 1175 862 plerumque
1189 815 1307 851 Servii
1320 827 1390 860 ope
1404 815 1570 850 destituti
1584 815 1706 850 simus.
1746 812 1748 816 ’

368 869 506 914 Scripsi
525 875 721 903 crescentem
739 878 807 912 pro
826 873 1015 901 nascentem
1032 866 1075 901 B.
1094 865 1180 910 VII,
1198 865 1243 900 25
1259 876 1279 900 e
1297 865 1457 900 Bentleii
1482 865 1706 900 coniectura.

366 920 422 954 Ib.
435 919 484 963 X,
496 918 542 952 40
554 924 612 952 aut
625 917 762 952 inserui
774 917 922 962 Heynio
937 919 1097 951 auctore.
1145 915 1190 950 Gr.
1204 915 1253 960 11,
1268 915 1332 949 187
1345 916 1506 959 dispicere
1517 925 1584 959 pro
1597 915 1705 958 despi-

367 980 442 1002 cere
455 967 540 1002 dedi
553 978 572 1002 e
580 966 810 1002 Lachmanni
824 966 1035 1001 coniectura
1047 966 1095 1000 ad
1102 966 1249 999 Lucret.
1256 976 1291 1009 p.
1299 964 1374 998 236.
1383 963 1577 1007 G.111,338
1589 965 1705 1007 alcyo-

366 1030 441 1052 nem
455 1021 492 1052 et
502 1016 547 1052 A.
558 1017 588 1062 I,
602 1016 669 1051 224
681 1018 856 1061 dispiciens
870 1027 952 1050 cum
964 1016 1095 1050 eodem
1106 1026 1174 1060 pro
1188 1016 1353 1058 alcyonen
1366 1017 1403 1048 et
1415 1014 1608 1058 despiciens.
1650 1013 1705 1048 Ib.

365 1068 431 1101 317
449 1078 566 1101 eurum
589 1077 657 1110 pro
677 1067 830 1100 Hebrum
848 1076 868 1100 e
886 1065 1075 1099 Parrhasii
1093 1064 1305 1099 coniectura
1324 1063 1443 1107 posui.
1489 1061 1534 1096 A.
1551 1062 1620 1107 111,
1639 1061 1706 1096 464

365 1116 453 1151 item
465 1116 704 1150 Lachmanno
718 1118 869 1149 auctore
882 1126 905 1148 a
917 1114 1064 1149 inserui.
1110 1114 1165 1148 Ib.
1179 1113 1245 1148 503
1257 1113 1410 1158 Epirum,
1424 1113 1626 1156 Hesperiam
1636 1122 1704 1156 pro

365 1166 491 1210 Epiro,
515 1165 683 1209 Hesperia
701 1164 801 1199 edidi
820 1175 864 1198 ex
876 1163 1014 1209 Heynii
1028 1163 1258 1207 coniectura,
1285 1173 1358 1206 qua
1378 1173 1417 1197 se
1435 1161 1488 1195 nil
1506 1161 1636 1196 melius
1654 1161 1705 1195 vi·

366 1215 466 1248 disse
480 1213 640 1248 affirmat
651 1213 928 1258 Peerlkampus.
951 1213 997 1256 V,
1011 1213 1077 1247 796
1090 1213 1189 1247 libeat
1201 1223 1267 1256 pro
1283 1212 1382 1245 liceat
1394 1222 1414 1246 e
1425 1221 1508 1246 mea
1521 1210 1606 1245 dedi
1621 1221 1705 1245 con-

365 1264 521 1307 iectura,
548 1274 658 1308 quam
680 1263 820 1307 pariter
844 1273 888 1297 ac
902 1263 1002 1307 quod
1023 1262 1089 1306 VI,
1108 1262 1175 1296 200
1199 1261 1328 1305 scripsi
1352 1267 1541 1305 sequentem
1562 1271 1630 1304 pro
1654 1272 1704 1294 se-

365 1321 521 1358 quentum
538 1313 656 1358 ipsam
675 1324 714 1347 se
733 1311 908 1347 tuituram
927 1322 1047 1356 spero.
1097 1311 1221 1354 VHII,
1240 1310 1307 1345 582
1324 1311 1452 1344 Palicis
1474 1320 1542 1354 pro
1561 1310 1675 1344 Palici
1685 1320 1705 1344 e

365 1363 600 1408 Peerlkampi
619 1362 832 1397 coniectura
854 1361 989 1406 recepi.
1034 1361 1084 1404 X,
1103 1361 1170 1395 600
1184 1361 1316 1405 penitus
1335 1359 1465 1404 scripsi
1488 1370 1508 1394 e
1525 1359 1703 1394 Friderici

364 1412 494 1447 Iacobi
507 1412 735 1456 coniectura,
754 1412 827 1446 iam
839 1411 966 1446 Servio
987 1410 1124 1456 agnita.
1164 1409 1336 1455 Denique
1349 1409 1417 1453 XI,
1429 1408 1475 1443 24
1488 1419 1569 1443 cum
1581 1409 1704 1443 Peerl-

365 1463 498 1507 kampo
523 1464 611 1508 ayite
635 1461 766 1507 scripsi
788 1472 855 1506 pro
882 1463 945 1504 ait,
971 1461 1072 1506 quod
1095 1459 1268 1494 vitiosum
1292 1469 1375 1494 esse
1393 1458 1466 1493 iam
1485 1457 1634 1492 Servius
1651 1458 1704 1492 in-

365 1511 519 1547 tellexit.

429 1561 570 1596 Versus
584 1561 647 1606 qui
659 1561 697 1595 in
711 1561 857 1605 optimis
870 1560 975 1595 libris
994 1571 1071 1594 non
1083 1561 1268 1605 leguntur,
1282 1562 1324 1593 ut
1336 1559 1485 1593 tandem
1503 1558 1702 1603 aliquando

364 1611 599 1654 tollerentur,
625 1610 740 1655 signis
752 1614 903 1645 notasse
921 1621 997 1644 non
1011 1609 1101 1644 satis
1119 1609 1244 1644 habui.
1290 1609 1371 1644 Nec
1389 1607 1495 1642 uncis
1514 1607 1703 1642 includere

365 1660 454 1694 satis
465 1660 581 1694 multa
593 1670 705 1693 ausus
720 1671 809 1703 sum,
824 1659 1017 1704 ambigens
1030 1662 1152 1692 utrum
1164 1658 1285 1693 aliena
1297 1669 1407 1692 manu
1418 1657 1644 1701 interpolata
1656 1667 1703 1690 an

365 1721 388 1744 a
399 1709 565 1754 Vergilio
579 1709 627 1743 ad
645 1709 939 1744 emendationem
951 1709 1082 1743 relicta
1095 1711 1230 1742 essent.
1254 1707 1350 1743 Nam
1362 1717 1408 1741 ne
1422 1705 1529 1740 nimis
1543 1705 1704 1741 confida-

364 1770 444 1792 mus
457 1757 561 1792 libris
573 1758 710 1791 nostris
723 1759 783 1792 vel
796 1758 961 1802 optimis,
975 1757 1214 1802 prohibemur
1227 1755 1474 1800 discrepantia
1488 1755 1703 1800 scripturae,

365 1817 461 1852 quae
474 1807 512 1840 in
519 1806 648 1850 paucis
662 1806 879 1851 fragmentis
892 1806 1228 1851 antiquissimorum
1234 1805 1566 1850 grammaticorum,
1579 1803 1703 1848 Aspri,

364 1856 491 1900 Probi,
506 1855 670 1899 Cornuti,
685 1855 824 1899 Scauri,
839 1855 938 1890 Celsi
947 1855 1244 1899 deprehenditur,
1260 1865 1429 1900 quaeque
1443 1865 1488 1888 ea
1499 1864 1581 1888 esse
1595 1854 1702 1896 solet,

364 1909 408 1940 ut
413 1905 610 1940 consensui
616 1905 1015 1948 praestantissimorum
1023 1905 1190 1939 codicum
1196 1904 1375 1948 praeferri
1384 1904 1529 1944 debeat.
1548 1903 1630 1937 Hos
1637 1903 1703 1947 igi-

365 1958 425 1988 tur
437 1957 584 1989 secutus
591 1953 634 1987 Β.
646 1954 677 1997 I,
684 1953 728 1988 59
741 1965 886 1998 aequore
898 1965 965 1998 pro
985 1956 1114 1988 aethere
1126 1953 1256 1997 scripsi
1270 1964 1351 1988 cum
1362 1952 1487 1987 Probo
1501 1952 1539 1986 in
1553 1951 1703 1986 scholiis

364 2003 655 2039 Veronensibus.
681 2003 763 2047 G.1‚
778 2003 822 2037 35
835 2014 916 2037 cum
929 2004 1060 2037 eodem
1072 2004 1229 2048 relinquit
1243 2005 1319 2037 etv.
1332 2002 1398 2036 226
1412 2003 1525 2035 avenis
1543 2012 1610 2045 pro
1623 2003 1703 2035 reli-

366 2055 435 2098 quit
448 2056 485 2088 et
496 2054 622 2087 aristi&
672 2052 825 2098 Cf.quae
838 2053 982 2087 Keilius
1001 2052 1146 2097 profert
1162 2052 1201 2086 in
1214 2052 1401 2096 Philolog.
1414 2051 1463 2093 ΙΙ,
1478 2051 1509 2084 1.
1521 2062 1557 2094 p.
1571 2051 1637 2085 166
1650 2062 1703 2096 sq.

364 2102 507 2138 Eodem
519 2106 669 2138 auctore
680 2101 762 2146 A.1‚
774 2102 820 2136 44
831 2109 976 2146 tempore
994 2113 1060 2146 pro
1068 2109 1206 2147 pectore
1222 2105 1264 2135 ut
1275 2101 1393 2146 magis
1405 2101 1553 2146 proprie
1568 2100 1703 2134 dictum

365 2152 488 2195 recepi
501 2155 538 2186 et
547 2153 672 2186 honore
682 2162 750 2195 pro
762 2153 883 2185 honori
894 2163 937 2186 ex
951 2150 1088 2187 Scauro
1101 2152 1171 2195 III,
1184 2151 1262 2195 484,
1277 2151 1434 2195 denique
1447 2151 1624 2183 consilium
1635 2160 1702 2193 pro

366 2202 556 2244 concilium,
571 2201 671 2245 quod
683 2201 858 2245 ineptum,
871 2201 935 2244 VI,
949 2200 1016 2234 433
1029 2211 1074 2235 ex
1086 2199 1249 2235 Asconio
1262 2200 1378 2245 praef.
1393 2200 1441 2234 ad
1455 2199 1527 2234 Cic.
1540 2199 1702 2239 Verr.II,

366 2250 398 2294 1,
413 2249 478 2294 qui
497 2249 606 2284 etiam
620 2249 651 2283 si
668 2254 891 2294 personatus
911 2250 958 2284 sit
969 2249 1172 2294 Asconius,
1197 2249 1384 2294 antiquior
1401 2252 1523 2283 tamen
1542 2252 1601 2283 cst
1612 2248 1702 2283 anti-

367 2298 555 2344 quissimis
567 2298 672 2333 libris
685 2299 832 2333 nostris.

432 2348 535 2382 Inter
558 2347 706 2382 codices
733 2351 857 2382 autem
879 2360 990 2383 manu
1017 2348 1173 2392 scriptos
1203 2348 1449 2393 fragmentum
1470 2346 1701 2390 Vaticanum,

365 2397 571 2431 Romanum
595 2407 638 2431 ac
656 2397 864 2432 Mediceum
880 2398 1124 2442 principatum
1138 2397 1303 2432 obtinere
1324 2397 1414 2431 satis
1433 2399 1596 2439 constat3
1619 2406 1703 2429 nam

366 2446 614 2490 fragmentum
624 2446 866 2490 Sangallense
879 2447 1027 2481 tenuius
1040 2449 1097 2481 est
1110 2457 1219 2491 quam
1230 2450 1272 2481 ut
1282 2457 1439 2491 magnus
1456 2444 1542 2479 inde
1560 2444 1703 2478 fructus

365 2495 602 2539 percipiatur.
647 2496 826 2540 Pieriani,
853 2500 911 2530 sat
923 2496 1064 2542 antiqui
1081 2496 1136 2529 illi
1150 2507 1193 2531 ex
1205 2499 1329 2540 parte,
1353 2493 1702 2538 interpolationibus

366 2555 442 2579 non
459 2546 577 2590 magis
597 2550 725 2581 carent
744 2557 870 2591 quam,
897 2547 927 2580 si
950 2558 994 2581 ex
1012 2547 1141 2591 paucis
1160 2557 1254 2591 quae
1274 2545 1475 2579 Muellerus
1498 2544 1570 2578 hac
1592 2544 1639 2578 de
1663 2555 1701 2578 re

357 2594 499 2644 *litteris
511 2596 698 2630 mandavit
711 2596 958 2631 coniecturam
971 2596 1094 2631 facere
1107 2596 1210 2639 licet,
1234 2595 1461 2637 Beruenses,
1481 2592 1700 2638 antiquitate

352 2667 354 2669 -
367 2643 441 2677 illis
448 2642 506 2677 vix
517 2644 700 2679 cedentes.
719 2645 777 2680 De
784 2645 997 2680 Heinsianis
1010 2646 1174 2680 iudicare
1187 2655 1262 2679 non
1275 2644 1403 2687 ausim,
1418 2653 1638 2688 quamquam
1649 2642 1701 2676 in-

352 2693 510 2727 terdum
524 2693 680 2737 optimas
699 2695 878 2732 lectiones
891 2696 1048 2740 habent,
1073 2695 1175 2730 velut
1185 2693 1450 2737 Mentelianus,
1473 2695 1550 2726 tum
1564 2691 1698 2727 Gudia-
