1794 3048
339 266 419 307 110
679 283 684 290 ‘
737 274 778 308 P.
797 273 1027 309 VERGILII
1045 272 1269 310 MARONIS

336 374 403 415 hic
425 374 635 428 Dolopum
659 388 823 422 manus,
848 372 914 414 hic
940 387 1087 415 saevus
1111 373 1302 415 tendebat
1326 373 1528 426 Achilles3

270 449 313 479 30
337 435 536 475 classibus
560 434 626 474 hic
649 433 782 482 locus3
807 433 874 473 hic
898 433 984 474 acie
1009 439 1161 475 certare
1186 433 1382 476 solebant.

268 747 309 777 35

267 1052 311 1082 40

269 1356 311 1386 45

270 1659 311 1689 50

271 1962 312 1992 55

271 2266 314 2296 60

275 2569 315 2599 65

334 509 429 549 pars
444 500 591 548 ,stupet
612 493 806 547 innuptae
831 493 982 534 donum
1007 494 1169 535 exitiale
1192 494 1405 536 Minervae

336 561 376 595 et
398 554 548 595 molem
571 554 767 594 mirantur
790 553 883 606 equi
891 569 902 603 3
926 554 1163 608 primusque
1188 554 1436 609 Thymoetes

335 614 430 655 duci
453 614 558 655 intra
581 629 720 655 muros
744 614 928 655 hortatur
951 620 991 655 et
1013 629 1105 655 arce
1128 614 1265 665 locari,

337 675 423 715 sive
447 675 560 725 dolo,
587 690 660 716 seu
682 675 764 716 iam
787 675 936 716 Troiae
961 675 1020 716 sic
1043 675 1130 717 fata
1153 675 1348 718 ferebant.

334 741 376 776 at
400 735 560 790 Capys,
585 742 626 777 et
648 750 822 789 quorum
845 735 988 777 melior
1011 736 1211 778 sententia
1232 737 1370 788 menti,

334 802 405 837 aut
427 796 576 852 pelago
598 796 794 838 Danaum
816 796 988 837 insidias
1014 803 1285 852 suspectaque
1308 798 1416 839 dona

333 857 600 912 praecipitare
623 857 764 899 iubent
788 856 1063 911 subiectisque
1086 872 1202 898 urere
1226 858 1413 908 flammis,

335 923 406 958 aut
428 917 631 959 terebrare
655 932 776 959 cavas
802 917 905 958 uteri
930 923 971 958 et
994 924 1191 972 temptare
1214 918 1403 960 latebras.

336 978 532 1020 scinditur
554 979 754 1020 incertum
778 979 913 1020 studia
935 979 978 1020 in
1001 979 1201 1020 contraria
1223 979 1382 1035 volgus.

390 1038 554 1081 Primus
578 1039 636 1081 ibi
659 1046 753 1081 ante
776 1040 928 1089 omnis,
953 1055 1104 1095 magna
1127 1040 1344 1081 comitante
1369 1045 1542 1089 caterva,

334 1100 532 1157 Laqcoon
556 1101 702 1142 ardens
729 1115 889 1141 summa
913 1101 1090 1141 decurrit
1113 1100 1165 1142 ab
1189 1115 1293 1150 arce,

335 1168 376 1202 et
397 1161 556 1215 procul:
583 1176 633 1212 „o
656 1161 812 1211 miseri,
837 1175 942 1214 quae
966 1167 1078 1202 tanta
1100 1161 1277 1211 insania,
1303 1161 1439 1202 cives?

335 1221 499 1263 creditis
524 1227 687 1263 avectos
712 1222 866 1263 hostis?
890 1227 960 1263 aut
981 1222 1066 1263 ulla
1087 1222 1239 1276 putatis

334 1282 442 1323 dona
465 1296 599 1323 carere
624 1283 726 1323 dolis
749 1282 968 1322 Danaum?
992 1283 1051 1323 sic
1073 1288 1194 1323 notus
1218 1282 1391 1323 Ulixes?

335 1348 406 1383 aut
428 1342 506 1384 hoc
527 1342 675 1384 inclusi
696 1343 809 1398 ligno
834 1342 1086 1383 occultantur
1108 1341 1273 1392 Achivi,

338 1409 408 1443 aut
432 1403 533 1444 haec
557 1403 599 1443 in
621 1408 783 1444 nostros
806 1402 1005 1443 fabricata
1028 1408 1091 1443 est
1113 1402 1302 1443 machina
1324 1417 1476 1452 muros,

338 1465 571 1518 inspectura
594 1464 738 1505 domos
761 1470 1013 1517 venturaque
1037 1464 1214 1518 desuper
1236 1463 1339 1512 urbi,

337 1534 408 1565 aut
430 1524 576 1577 aliquis
601 1525 699 1566 latet
722 1539 854 1574 error;
879 1539 985 1578 equo
1013 1539 1065 1565 ne
1089 1524 1258 1574 credite,
1284 1524 1444 1564 Teucri.

335 1585 532 1638 quidquid
555 1585 598 1626 id
621 1590 700 1635 est,
725 1585 848 1626 timeo
871 1585 1042 1627 Danaos
1067 1591 1107 1626 et
1129 1585 1237 1626 dona
1260 1585 1476 1626 ferentes.“

336 1646 395 1687 sic
418 1645 526 1688 fatus
550 1646 697 1688 validis
720 1646 928 1702 ingentem
950 1646 1106 1688 viribus
1129 1645 1291 1687 hastam

336 1707 379 1747 in
401 1707 508 1748 latus
532 1708 655 1761 inque
679 1708 756 1748 feri
780 1722 947 1748 curva-m
971 1707 1224 1762 conpagibus
1249 1707 1386 1748 alvum

337 1768 543 1809 contorsit.
584 1769 693 1810 stetit
716 1768 786 1809 illa
808 1775 1004 1818 tremens,
1030 1773 1226 1822 uteroque
1248 1782 1414 1809 recusso

340 1828 556 1869 insonuere
580 1842 704 1870 cavae
727 1829 1007 1884 gemitumque
1031 1829 1179 1871 dedere
1203 1843 1412 1870 cavernae.

340 1894 397 1937 et,
424 1888 459 1929 si
482 1888 567 1929 fata
590 1889 732 1938 deum,
759 1889 796 1930 si
818 1903 934 1930 mens
958 1904 1041 1931 non
1063 1890 1181 1931 laeva
1204 1889 1362 1938 fuisset,

339 1948 540 2003 inpulerat
562 1948 669 1990 ferro
692 1948 910 2004 Argolicas
934 1949 1099 1991 foedare
1121 1949 1312 1999 latebras,
1495 2004 1498 2006 q

338 2009 541 2062 Troiaque
564 2023 673 2051 nunc
696 2015 820 2051 staret
842 2009 1077 2064 Priamique
1101 2025 1175 2051 arx
1198 2009 1280 2051 alta
1302 2015 1494 2050 maneret.

391 2070 521 2120 Ecce,
546 2086 692 2112 manus
715 2071 906 2112 iuvenem
928 2071 1082 2113 interea
1103 2077 1199 2126 post
1221 2076 1337 2126 terga
1358 2071 1585 2112 revinctum

336 2137 520 2185 pastores
544 2146 694 2187 magno
718 2132 772 2173 ad
793 2147 933 2187 regem
957 2132 1133 2173 clamore
1156 2131 1370 2173 trahebant

336 2192 618 2242 Dardanidae,
643 2193 714 2246 qui
738 2207 782 2234 se
804 2193 991 2248 ignotum
1014 2192 1270 2234 venientibus
1293 2192 1412 2241 ultro,

336 2252 415 2294 hoc
437 2252 573 2308 ipsum
595 2258 641 2293 ut
665 2259 837 2295 strueret
860 2253 1108 2307 Troiamque
1131 2253 1304 2308 aperiret
1326 2251 1512 2301 Achivis,

338 2313 555 2364 obtulerat,
579 2313 711 2356 fidens
735 2314 878 2365 animi,
904 2321 1026 2368 atque
1048 2314 1094 2356 in
1116 2320 1333 2367 utrumque
1356 2319 1534 2367 paratus,

339 2389 411 2415 seu
435 2389 598 2415 versare
622 2375 757 2424 dolos,
784 2389 858 2416 seu
881 2382 1014 2417 certae
1038 2374 1278 2417 occumbere
1301 2373 1433 2415 morti.

337 2435 517 2488 undique
539 2435 700 2476 visendi
723 2436 858 2477 studio
881 2436 1059 2477 Troiana
1080 2436 1270 2477 iuventus

339 2496 586 2538 circumfusa
606 2497 704 2547 ruit,
729 2502 964 2551 certantque
986 2497 1169 2538 inludere
1193 2500 1323 2550 capto.

339 2557 478 2610 accipe
501 2571 610 2598 nunc
632 2557 828 2599 Danaum
850 2558 1037 2608 insidias,
1063 2563 1104 2599 et
1127 2557 1294 2599 crimine
1317 2555 1368 2596 ab
1392 2569 1474 2595 uno

340 2617 452 2657 disce
476 2631 629 2659 omnes.

340 2691 516 2730 namque
540 2683 584 2718 ut
608 2685 829 2733 conspectu
852 2680 895 2721 in
917 2679 1051 2720 medio
1074 2679 1277 2726 turbatus,
1301 2675 1478 2722 inermis,
