1794 3048
289 517 353 547 305

289 821 353 851 310

290 1127 353 1156 315

292 1431 356 1461 320

294 1735 357 1765 :325

295 2039 360 2070 330

297 2344 360 2375 335

382 272 461 315 198
780 281 820 313 P.
842 279 1072 314 VERGILII
1090 278 1313 316 MARONIS

379 389 418 424 et
441 381 673 436 ferruginea
697 379 910 421 subvectat
934 394 1103 435 corpora
1126 378 1286 435 cymba,

376 443 459 483 iam
483 442 634 490 senior,
660 440 734 481 sed
757 440 883 481 cruda
905 440 983 482 deo
1006 441 1229 494 viridisque
1253 445 1453 482 senectus.

376 503 457 544 huc
481 502 611 543 omnis
637 501 755 542 turba
778 501 831 542 ad
853 501 962 556 ripas
987 501 1120 543 effusa
1141 500 1298 550 ruebat,

376 570 526 604 matres
551 570 673 616 atque
695 562 790 611 firi,
815 561 1089 616 defunctaque
1113 576 1282 616 corpora
1305 561 1389 603 vita

377 624 682 680 magnanimum
707 623 895 673 heroum,
920 623 1038 678 pueri
1060 624 1336 678 innuptaeque
1359 622 1531 678 puellae,

376 685 621 739 inpositique
646 684 756 739 rogis
780 684 948 726 iuvenes
973 690 1066 726 ante
1090 699 1161 725 ora
1183 689 1416 739 parentum:

377 760 501 799 quam
525 745 653 786 multa
675 745 717 785 in
743 745 857 787 silvis
882 745 1066 787 autumni
1089 745 1241 801 frigore
1263 744 1394 800 primo

376 808 492 862 lapsa
516 807 666 848 cadunt
687 807 806 857 folia,
831 813 901 848 aut
925 807 977 849 ad
1001 814 1149 848 terram
1173 806 1334 862 gurgite
1359 805 1411 847 ab
1435 805 1517 847 alto

377 883 497 922 quam
523 868 674 909 multae
697 868 974 923 glomerantur
996 883 1112 918 aveS‚
1137 867 1209 909 ubi
1232 867 1406 922 frigidus
1431 881 1561 908 annus

378 937 489 970 trans
512 938 685 984 pontum
707 929 825 985 fugat
848 935 888 970 et
911 930 1028 971 terris
1051 929 1217 970 inmittit
1240 928 1400 983 apricis.

380 990 542 1032 stabant
565 997 726 1032 orantes
750 990 871 1045 primi
893 990 1166 1032 transmittere
1190 1003 1367 1038 cursum,

379 1051 682 1105 tendebantque
706 1066 850 1093 manus
875 1052 986 1106 ripae
1010 1051 1210 1092 ulterioris
1235 1064 1384 1091 amore.

377 1112 515 1154 navita
539 1113 612 1154 sed
635 1113 760 1154 tristis
784 1127 893 1154 nune
916 1112 992 1153 hos
1016 1126 1124 1153 nunc
1149 1111 1295 1166 accipit
1317 1110 1422 1160 illos,

378 1180 442 1215 ast
466 1174 566 1215 alios
589 1173 712 1229 longe
737 1173 947 1215 submotos
973 1179 1082 1214 arcet
1105 1187 1239 1214 arena.

379 1234 545 1276 Aeneas
570 1235 739 1276 miratus
765 1235 871 1275 enim
896 1240 1113 1287 motusque
1137 1233 1313 1274 tumultu

382 1297 517 1347 „dio,“
544 1296 617 1346 ait,
646 1310 695 1347 „o
720 1296 853 1350 virgo,
879 1295 978 1348 quid
1001 1294 1085 1336 volt
1109 1308 1330 1335 concursus
1356 1293 1408 1333 ad
1432 1293 1616 1333 amnem?

381 1357 530 1410 quidve
551 1362 695 1411 petunt
719 1356 902 1397 animae?
925 1355 990 1396 vel
1014 1369 1096 1408 quo
1120 1354 1352 1395 discrimine
1374 1353 1484 1408 ripas

379 1418 456 1459 hae
480 1418 684 1471 linquunt,
709 1417 801 1458 illae
824 1416 947 1458 remis
972 1416 1078 1458 vada
1100 1415 1227 1457 livida
1248 1414 1436 1456 verrunt?
1451 1417 1472 1436 ‘⁴

381 1479 449 1519 olli
474 1478 532 1519 sic
555 1478 731 1519 breviter
754 1477 839 1519 fata
863 1483 925 1519 est
948 1477 1150 1533 longaeva
1173 1475 1380 1517 sacerdos:

385 1538 597 1589 „Anchisa
619 1545 829 1595 generate,
855 1539 977 1580 deum
1002 1538 1229 1580 certissima
1251 1536 1399 1592 proles,

384 1600 530 1655 Cocyti
550 1606 702 1656 stagna
724 1600 806 1641 alta
829 1600 943 1641 vides
971 1598 1239 1655 Stygiamque
1262 1598 1468 1653 paludem,

383 1662 425 1702 di
449 1662 563 1702 euius
588 1662 720 1703 iurare
744 1662 887 1702 timent
911 1668 952 1703 et
974 1661 1115 1702 fallere
1138 1674 1301 1701 numen.

383 1723 483 1763 haee
508 1723 659 1772 omnis,
685 1737 808 1776 quam
832 1723 982 1772 cernis,
1007 1723 1125 1776 inops
1149 1721 1439 1773 inhumataque
1464 1718 1583 1759 turba
1606 1724 1686 1767 est3

382 1784 552 1838 portitor
574 1783 642 1824 ille
668 1783 851 1834 Charon3
877 1783 937 1833 hi,
963 1798 1065 1837 quos
1090 1782 1201 1823 vehit
1224 1781 1352 1831 unda,
1379 1779 1538 1834 sepulti.

383 1858 459 1884 nee
482 1844 590 1898 ripas
615 1845 735 1885 datur
757 1844 978 1885 horrendas
1003 1850 1043 1885 et
1066 1858 1189 1885 rauca
1212 1842 1364 1883 fluenta

384 1911 656 1959 transportare
679 1906 810 1960 prius,
842 1919 966 1958 quam
991 1905 1156 1947 sedibus
1181 1919 1276 1945 ossa
1299 1903 1499 1956 quierunt.

384 1972 546 2007 eentum
570 1974 704 2007 errant
727 1982 855 2008 annos
880 1967 1129 2020 volitantque
1152 1966 1254 2006 haec
1276 1965 1393 2005 litora
1417 1964 1588 2012 cireum3

384 2033 468 2067 tum
494 2027 658 2067 demum
682 2027 850 2068 admissi
875 2033 1020 2082 stagna
1043 2031 1234 2081 exoptata
1255 2025 1477 2066 revisunt.“

384 2087 562 2128 constitit
585 2086 772 2129 Anchisa
796 2093 908 2128 satus
933 2093 973 2128 et
997 2087 1171 2143 vestigia
1194 2085 1354 2141 pressit,

384 2148 510 2188 multa
533 2154 682 2202 putans
708 2154 937 2202 sortemque
961 2148 1086 2189 animi
1109 2147 1324 2188 miseratus
1348 2146 1541 2199 iniquam.

386 2209 512 2250 cernit
535 2209 591 2250 ibi
616 2215 794 2251 maestos
819 2215 858 2250 et
882 2209 1023 2250 mortis
1047 2209 1198 2250 honore
1223 2213 1406 2249 carentes

384 2270 635 2325 Leucaspim
659 2276 699 2311 et
721 2270 878 2325 Lyciae
903 2271 1112 2311 ductorem
1135 2269 1278 2310 classis
1305 2266 1504 2316 Oronten,

385 2346 487 2385 quos
514 2331 632 2372 simul
658 2347 682 2373 a
707 2332 830 2373 Troia
853 2338 1023 2373 ventosa
1044 2345 1118 2387 per
1141 2344 1319 2384 aequora
1341 2334 1480 2370 vectos

386 2392 519 2434 obruit
542 2400 696 2442 auster,
723 2407 829 2446 aqua
851 2393 1062 2434 involvens
1086 2405 1314 2444 navemque
1338 2390 1539 2443 virosque.

442 2454 554 2494 Ecce
577 2454 826 2509 gubernator
849 2468 940 2496 sese
963 2453 1183 2495 Palinurus
1208 2451 1368 2507 agebat,

387 2515 457 2568 qui
480 2515 641 2570 Libyco
665 2529 794 2569 nuper
818 2529 958 2564 cursu,
983 2515 1081 2555 dum
1106 2514 1239 2556 sidera
1262 2517 1408 2562 servat,

389 2576 592 2617 exciderat
615 2576 743 2631 puppi
765 2576 910 2617 mediis
935 2575 1091 2617 effusus
1115 2575 1157 2616 in
1180 2573 1313 2615 undis.

301 2649 364 2679 340
388 2636 497 2677 hunc
519 2636 590 2678 ubi
613 2637 682 2677 vix
706 2637 833 2678 multa
855 2643 1058 2679 maestum
1081 2635 1274 2691 cognovit
1294 2634 1339 2674 in
1360 2631 1517 2681 umbra,

391 2697 449 2738 sie
471 2698 581 2752 prior
604 2697 852 2751 adloquitur:
880 2698 996 2751 „quis
1020 2704 1079 2747 te,
1103 2696 1314 2745 Palinure,
1339 2693 1507 2735 deorum
