1780 3074
538 250 793 289 AENEIDOS
812 250 910 286 LIB.
930 251 995 288 IV.

82 362 115 412 i,
142 374 314 415 sequere
338 358 503 400 Italiam
526 357 679 407 ventis,
703 362 799 412 pete
822 370 953 412 regna
974 369 1050 412 per
1072 356 1218 397 undas.

83 437 204 478 spero
230 421 423 476 equidem
447 419 614 470 mediis,
641 419 678 461 si
701 419 801 473 quid
823 418 894 474 pia
916 417 1087 459 numina
1108 424 1296 474 possunt,

82 483 286 541 supplicia
308 483 537 525 hausurum
562 481 743 538 scopulis
769 487 810 522 et
833 480 998 523 nomine
1021 480 1135 522 Dido

83 560 208 602 saepe
232 552 488 588 vocaturum.
515 559 666 599 sequar
689 543 787 586 atris
812 542 979 599 ignibus
1005 542 1156 585 absens

82 615 142 659 et,
168 622 264 650 cum
287 607 441 664 frigida
464 622 575 649 mors
600 606 738 648 anima
762 605 971 647 seduxerit
995 611 1121 656 artus,

81 669 274 714 omnibus
299 669 446 712 umbra
468 669 570 711 locis
595 669 733 710 adero.
759 667 897 717 dabis,
922 667 1113 723 inprobe,
1138 682 1307 723 poenas.

82 733 267 782 audiam,
293 738 334 774 et
356 731 460 773 haec
482 745 627 773 manes
651 729 789 771 veniet
812 729 914 770 mihi
937 729 1051 771 fama
1075 729 1153 772 sub
1178 730 1325 772 imos.“

82 795 147 836 his
172 794 354 835 medium
378 793 499 836 dictis
523 806 757 835 sermonem
783 790 991 846 abrumpit
1016 798 1056 833 et
1081 807 1202 834 auras

82 871 208 912 aegra
231 855 357 912 fugit,
384 869 510 910 seque
534 869 587 896 ex
611 853 741 896 oculis
767 853 914 894 avertit
938 859 979 895 et
1003 853 1150 904 aufert,

81 917 272 972 linquens
296 916 426 958 multa
449 922 563 958 metu
587 921 849 958 cunctantem
873 920 913 957 et
937 915 1068 971 multa
1089 923 1304 972 parantem

81 980 230 1022 dicere.
256 978 487 1034 suscipiunt
508 978 690 1020 famulae
714 972 992 1032 conlapsaque
1016 977 1204 1020 membra

82 1055 312 1084 marmoreo
336 1040 519 1082 referunt
543 1039 725 1081 thalamo
750 1039 970 1093 stratisque
995 1046 1211 1095 reponunt.

137 1102 199 1145 At
220 1103 315 1159 pius
338 1101 528 1153 Aeneas,
553 1115 806 1157 quamquam
829 1101 958 1143 lenire
982 1101 1191 1143 dolentem

82 1165 255 1208 solando
280 1164 394 1220 cupit
417 1170 459 1207 et
482 1164 603 1206 dictis
628 1170 813 1206 avertere
838 1178 972 1214 curas,

79 1227 210 1270 multa
231 1241 404 1284 gemens
428 1241 663 1283 magnoque
688 1226 872 1268 animum
895 1225 1126 1268 labefactus
1152 1242 1304 1278 amore,

78 1291 194 1332 iussa
217 1295 358 1331 tamen
380 1289 520 1331 divom
545 1289 784 1343 exsequitur
807 1289 1066 1343 classemque
1090 1289 1245 1331 revisit.

79 1359 168 1394 tum
191 1365 290 1393 vero
314 1350 467 1393 Teucri
489 1350 734 1392 incumbunt
758 1356 800 1392 et
821 1350 940 1393 litore
965 1351 1097 1393 celsas
1135 1372 1139 1380 =

80 1414 290 1456 deducunt
314 1419 400 1455 toto
424 1413 555 1455 navis.
580 1418 696 1461 natat
719 1418 844 1454 uncta
867 1412 1018 1463 carina,

81 1475 394 1530 frondentisque
419 1475 558 1517 ferunt
579 1489 716 1517 remos
741 1481 782 1517 et
804 1473 954 1517 robora
979 1475 1093 1517 silvis

79 1536 343 1588 infabricata,
368 1536 496 1594 fugae
520 1537 669 1579 studio.

79 1599 295 1657 migrantis
321 1614 464 1642 cernas
490 1605 656 1654 totaque
682 1614 734 1641 ex
757 1599 859 1641 urbe
882 1599 1052 1649 ruentis,

75 1677 128 1706 ⁴ac
152 1661 264 1703 velut
288 1661 500 1718 ingentem
522 1661 721 1703 formicae
745 1661 865 1703 farris
890 1676 1084 1704 acervum

79 1738 175 1766 cum
198 1723 417 1779 populant,
442 1723 591 1765 hiemis
616 1738 841 1774 memores,
866 1729 1057 1778 tectoque
1080 1730 1304 1779 reponunt3

79 1786 112 1827 it
134 1785 300 1842 nigrum
324 1785 483 1841 campis
508 1800 678 1842 agmen,
702 1786 982 1841 praedamque
1005 1800 1080 1842 per
1102 1785 1253 1829 herbas

79 1853 324 1891 convectant
347 1847 450 1890 calle
475 1853 673 1904 angust03
696 1862 794 1904 pars
818 1848 993 1905 grandia
1015 1848 1187 1890 trudunt

79 1910 257 1954 obnixae
281 1909 490 1952 frumenta
513 1910 716 1966 humeris,
740 1925 837 1966 pars
863 1910 1032 1967 agmina
1054 1917 1211 1967 cogunt

80 1973 366 2029 castigantque
389 1987 546 2023 moras3
572 1987 696 2028 opere
720 1973 853 2014 omnis
880 1972 1027 2015 semita
1050 1971 1195 2015 fervet.

80 2035 173 2090 quis
197 2034 272 2077 tibi
296 2040 412 2085 tunc,
437 2034 570 2085 Dido,
597 2035 780 2077 cernenti
805 2035 902 2077 talia
926 2034 1093 2078 sensus!

80 2111 238 2152 quosve
262 2095 392 2138 dabas
415 2097 614 2153 gemitus,
641 2111 736 2139 cum
759 2097 880 2140 litora
902 2097 1063 2140 fervere
1086 2097 1168 2140 late

80 2157 338 2214 prospiceres
362 2172 455 2200 arce
481 2173 533 2199 ex
557 2174 737 2209 summa,
763 2165 978 2215 totumque
1000 2160 1164 2202 videres

82 2219 247 2261 misceri
269 2225 362 2260 ante
387 2219 528 2261 oculos
553 2220 678 2262 tantis
703 2221 952 2264 clamoribus
978 2221 1150 2277 aequor!

82 2279 254 2336 inprobe
278 2295 412 2331 amor,
437 2281 538 2335 quid
561 2297 644 2323 non
668 2283 857 2324 mortalia
880 2290 1050 2338 pectora
1073 2283 1207 2340 cogis!

83 2343 142 2384 ire
165 2341 314 2383 iterum
336 2341 380 2382 in
402 2341 612 2392 lacrimas,
637 2343 787 2385 iterum
810 2351 1011 2400 temptare
1034 2345 1241 2400 precando

84 2404 246 2462 cogitur
269 2410 310 2446 et
334 2403 511 2459 supplex
535 2404 695 2445 animos
721 2403 961 2447 submittere
986 2406 1128 2456 amori,

83 2481 136 2508 ne
159 2465 260 2521 quid
282 2465 542 2521 inexpertum
566 2465 719 2507 frustra
742 2466 939 2507 moritura
962 2467 1178 2521 relinquat.

142 2527 313 2584 „Anna,
340 2527 455 2570 vides
481 2533 567 2569 toto
590 2527 801 2583 properari
824 2527 940 2569 litore
949 2544 960 2578 3
987 2528 1141 2570 circum

85 2590 265 2644 undique
290 2604 536 2639 convenere3
562 2595 683 2631 vocat
706 2589 789 2631 iam
814 2589 1012 2632 carbasus
1037 2605 1172 2640 auras,

85 2651 293 2707 puppibus
318 2658 359 2693 et
381 2651 478 2694 laeti
501 2658 652 2693 nautae
674 2651 894 2707 inposuere
918 2665 1102 2694 coronas.

86 2712 196 2755 hune
218 2727 297 2769 ego
322 2713 358 2755 si
381 2713 497 2769 potui
521 2719 679 2755 tantum
706 2728 870 2769 sperare
896 2714 1094 2765 dolorem,

1363 241 1445 284 159

1473 619 1536 650 385

1474 931 1539 962 3⁴:10

1474 1242 1538 1273 395

1473 1554 1539 1584 400

1473 1864 1540 1894 405

1474 2174 1540 2203 410

1472 2481 1538 2512 415
