1780 3074
547 269 806 308 AENEIDOS
826 269 924 306 LIB.
942 269 1008 307 VI.

97 378 218 421 melle
243 381 478 433 soporatam
502 381 543 418 et
566 374 781 418 medicatis
806 373 998 431 frugibus
1022 373 1151 416 offam

98 440 235 484 obicit.
259 440 329 482 ille
352 439 464 481 fame
487 438 633 482 rabida
656 437 735 479 tria
755 443 925 494 guttura
946 436 1134 493 pandens

98 502 266 559 corripit
290 502 495 545 obiectam
519 506 644 556 atque
667 499 850 542 inmania
873 506 991 556 terga
1013 498 1185 541 resolvit

97 565 218 607 fusus
242 564 376 615 humi,
402 569 571 618 totoque
594 562 743 619 ingens
775 561 1010 604 extenditur
1033 567 1163 603 antro.

98 633 274 683 occupat
298 625 467 668 Aeneas
492 625 651 667 aditum
676 624 848 666 custode
874 623 1049 680 sepulto,

99 689 319 744 evaditque
343 688 452 730 celer
474 687 608 743 ripam
631 686 909 729 inremeabilis
939 686 1088 728 undae.

156 750 365 805 Continuo
389 750 554 792 auditae
577 763 702 792 voces
726 749 892 806 vagitus
918 754 959 791 et
981 748 1130 805 ingens

97 813 387 868 infantumque
411 812 574 854 animae
597 812 743 853 flentes
767 812 811 854 in
834 811 975 853 limine
998 810 1144 866 primo,

98 890 202 931 quos
228 875 359 917 dulcis
384 875 494 916 vitae
518 874 694 916 exsortis
720 879 761 915 et
784 873 837 915 ab
861 872 988 915 ubere
1012 878 1154 928 raptos

98 937 270 980 abstulit
292 942 381 979 atra
405 936 494 978 dies
519 942 560 978 et
583 935 730 978 sunere
754 936 898 977 mersit
922 934 1085 977 acerbo.

97 999 175 1043 hos
198 999 316 1042 iuxta
337 998 444 1041 falso
469 998 653 1040 damnati
676 997 847 1040 crimine
870 997 1028 1040 mortis.

99 1076 176 1105 nec
198 1076 298 1104 vero
321 1061 400 1103 hae
425 1061 513 1103 sine
538 1066 647 1103 sorte
672 1061 811 1110 datae,
838 1060 927 1102 sine
950 1059 1105 1110 iudice,
1133 1059 1273 1102 sedesx

99 1124 308 1180 quaesitor
329 1123 472 1166 Minos
496 1138 644 1165 urnam
667 1128 825 1174 movet3
849 1123 919 1165 ille
944 1123 1139 1165 silentum

100 1187 401 1241 consiliumque
424 1192 564 1237 vocat,
589 1186 780 1240 vitasque
805 1191 847 1228 et
871 1186 1044 1228 crimina
1068 1185 1202 1227 discit.

100 1249 289 1305 proxima
313 1249 461 1291 deinde
485 1254 626 1291 tenent
648 1249 798 1291 maesti
820 1248 930 1299 loca,
955 1248 1028 1303 qui
1053 1247 1135 1291 sibi
1156 1248 1287 1290 letum

100 1312 286 1354 insontes
310 1325 508 1367 peperere
531 1326 676 1361 manu,
700 1310 919 1365 lucemque
942 1311 1082 1366 perosi
1139 1339 1142 1343 -

100 1373 309 1431 proiecere
333 1373 510 1424 animas,
537 1387 641 1428 quas
666 1373 821 1415 vellent
844 1373 1009 1415 aethere
1033 1373 1078 1414 in
1101 1373 1185 1415 alto

101 1451 213 1479 nunc
237 1442 278 1479 et
299 1436 541 1492 pauperiem
565 1442 606 1478 et
629 1436 754 1478 duros
778 1435 961 1491 perferre
984 1435 1161 1478 labores.

103 1500 168 1542 fas
193 1497 348 1549 obstat,
373 1498 562 1553 tristique
584 1498 705 1554 palus
730 1497 964 1540 inamabilis
988 1497 1103 1539 unda

103 1562 246 1618 alligat
269 1567 311 1603 et
333 1561 506 1603 noviens
534 1558 643 1616 Styx
665 1559 869 1602 interfusa
893 1565 1066 1602 coercet.

103 1638 180 1666 nec
203 1622 349 1679 procul
370 1622 467 1664 hinc
490 1629 650 1678 partem
674 1622 759 1664 fusi
782 1628 1063 1664 monstrantur
1084 1621 1129 1663 in
1153 1636 1317 1664 omnem

103 1685 294 1742 lugentes
318 1685 453 1740 campi
461 1701 472 1735 ;
499 1685 559 1726 sic
582 1685 674 1727 illos
698 1685 865 1727 nomine
889 1684 1043 1726 dicunt.

104 1747 191 1798 hic,
217 1761 322 1801 quos
347 1747 475 1788 durus
500 1761 617 1788 amor
641 1746 797 1788 crudeli
822 1746 917 1789 tabe
940 1746 1112 1802 peredit,

106 1809 253 1851 secreti
278 1809 412 1851 celant
436 1808 561 1851 calles
586 1815 628 1851 et
649 1815 810 1864 myrtea
834 1809 990 1851 circum

106 1871 212 1914 silva
235 1871 356 1928 tegit3
381 1885 504 1913 curae
528 1886 612 1913 non
634 1871 727 1927 ipsa
748 1871 793 1913 in
815 1877 946 1914 morte
969 1871 1220 1926 relinquunt.

1376 259 1456 302 201

1487 384 1556 416 420

1492 697 1559 729 425

1494 1010 1560 1041 430

1495 1321 1561 1352 435

1495 1633 1563 1666 410

105 1933 170 1976 his
194 1932 430 1975 Phaedram
453 1933 723 1988 Procrimque
746 1933 868 1985 locis,
893 1940 1179 1989 maestamque
1203 1933 1435 1990 Eriphylen
1495 1948 1561 1978 445

107 1995 284 2038 crudelis
308 1995 394 2037 nati
418 2002 717 2038 monstrantem
741 1996 911 2038 volnera
934 1996 1076 2047 cernit,

104 2057 392 2112 Euadnenque
417 2064 458 2099 et
480 2057 719 2114 Pasiphaen
726 2074 738 2110 3
762 2058 828 2101 his
851 2058 1086 2101 Laodamia

104 2119 137 2162 it
161 2134 300 2162 comes
325 2127 366 2162 et
388 2120 549 2163 iuvenis
574 2121 803 2175 quondam,
829 2135 940 2163 nunc
963 2121 1138 2172 femina,
1165 2120 1373 2172 Caeneus,

104 2197 248 2224 rursus
273 2187 314 2224 et
336 2182 378 2223 in
401 2188 584 2224 veterem
607 2183 694 2225 fato
717 2183 905 2225 revoluta
927 2183 1118 2240 figuram.

106 2243 213 2285 inter
235 2257 339 2297 quas
363 2242 596 2286 Phoenissa
618 2258 762 2286 recens
787 2260 813 2286 a
835 2244 1002 2287 volnere
1025 2244 1142 2286 Dido

107 2303 270 2346 errabat
294 2304 432 2346 silva
421 2320 465 2345 1n
487 2320 660 2361 magna3
684 2320 811 2359 quam
834 2306 986 2348 Troius
1009 2306 1132 2348 heros

106 2375 154 2407 ut
175 2365 355 2421 primum
378 2365 495 2407 iuxta
518 2366 630 2407 stetit
653 2366 934 2422 adgnovitque
956 2382 1031 2422 per
1054 2367 1245 2410 umbram

109 2426 347 2478 obscuram,
372 2427 538 2482 qualem
561 2427 695 2483 primo
718 2427 791 2482 qui
815 2443 985 2484 surgere
1008 2443 1152 2470 mense

109 2494 180 2530 aut
203 2488 317 2530 videt
340 2495 412 2531 aut
434 2488 590 2531 vidisse
614 2494 732 2544 putat
755 2502 830 2544 per
853 2489 996 2531 nubila
1018 2489 1172 2540 lunam,

109 2549 267 2592 dimisit
297 2549 506 2601 lacrimas,
533 2550 725 2604 dulcique
749 2549 915 2592 adfatus
940 2565 1079 2592 amore
1104 2557 1185 2592 est:

89 2611 282 2664 ‘„infelix
304 2611 438 2663 Dido,
463 2627 586 2654 verus
611 2611 713 2653 mihi
736 2612 904 2654 nuntius
929 2627 1028 2668 ergo

109 2679 278 2716 venerat
302 2674 548 2716 exstinctam
571 2673 761 2728 ferroque
787 2679 970 2716 extrema
994 2674 1204 2716 secutam?

111 2735 267 2778 funeris
291 2736 373 2778 heu
397 2736 471 2779 tibi
496 2751 644 2779 caussa
667 2736 753 2778 fui?
775 2750 850 2792 per
874 2736 1009 2779 sidera
1031 2736 1133 2787 iuro,

1495 2256 1562 2287 450

1494 2548 1560 2596 455
