1794 3048
353 484 395 513 20

354 1086 396 1117 30

353 1389 394 1419 35

354 1690 396 1720 40

355 1991 397 2020 45

356 2292 398 2323 50

357 2596 398 2625 55

423 301 501 341 168
819 309 859 342 Ρ.
880 307 1110 342 VERGILII
1127 307 1350 345 MARONIS

418 410 561 450 mutati
584 414 815 449 transversa
838 407 1015 448 fremunt
1039 414 1079 448 et
1101 422 1270 463 vespere
1293 409 1344 450 ab
1368 416 1454 452 atro

419 474 667 524 consurgunt
690 468 818 517 venti,
843 474 964 521 atque
987 468 1030 509 in
1051 468 1203 510 nubem
1227 469 1384 524 cogitur
1407 485 1486 512 aer.

417 544 492 571 nec
515 544 590 570 nos
615 528 742 570 obniti
766 535 923 578 contra,
948 543 1024 570 nec
1047 529 1212 570 tendere
1235 535 1393 571 tantum

418 590 657 631 sufficimus.
684 595 848 643 superat
871 589 1063 642 quoniam
1086 589 1266 640 fortuna,
1293 605 1522 644 sequamur,

417 664 580 703 quoque
603 655 739 699 vocat,
764 656 970 691 vertamus
993 649 1080 691 iter.
1104 665 1181 691 nec
1203 651 1320 692 litora
1341 651 1463 707 longe

417 711 500 751 fida
522 724 613 751 reor
635 709 813 751 fraterna
834 710 982 765 Erycis
1006 717 1229 765 portusque
1255 710 1440 762 Sicanos,

377 785 390 792 ’
418 771 453 812 si
477 771 598 812 modo
621 771 696 812 rite
719 785 875 813 memor
898 777 1058 813 servata
1079 772 1269 814 remetior
1292 775 1439 814 astra.“

418 838 506 872 tum
528 832 620 886 pius
644 830 829 873 Aeneas:
856 832 1071 885 „equidem
1095 832 1155 873 sic
1175 847 1344 887 poscere
1368 839 1511 874 ventos

417 893 655 934 iamdudum
680 899 719 933 ct
742 892 893 934 frustra
916 907 1036 934 cerno
1060 899 1099 934 te
1124 893 1288 934 tendere
1312 900 1462 935 contra.

417 953 533 994 flecte
557 953 665 994 viam
689 953 802 994 velis.
827 968 879 994 an
903 953 955 994 sit
977 952 1077 993 mihi
1100 953 1252 1007 gratior
1272 953 1367 1003 ulla,

418 1027 551 1066 quove
574 1013 707 1069 magis
732 1013 864 1054 fessas
888 1019 1025 1068 optem
1048 1013 1247 1054 dimittere
1270 1014 1400 1063 navis,

419 1088 542 1127 quam
566 1088 670 1127 quac
693 1073 951 1114 Dardanium
974 1073 1092 1115 tellus
1116 1074 1215 1115 mihi
1240 1081 1374 1116 servat
1396 1074 1578 1116 Acesten

419 1140 460 1175 et
481 1134 606 1189 patris
630 1133 839 1175 Anchisae
862 1134 1018 1189 gremio
1042 1134 1306 1188 conplectitur
1329 1135 1479 1176 ossa?“

418 1194 520 1236 haec
543 1194 614 1236 ubi
637 1194 762 1244 dicta,
786 1200 930 1249 petunt
951 1201 1110 1248 portus,
1136 1201 1176 1235 et
1198 1195 1290 1236 vela
1313 1196 1481 1236 secundi

418 1255 632 1296 intendunt
655 1255 822 1309 zephyri
829 1270 840 1304 3
866 1254 992 1295 fertur
1015 1255 1094 1295 cita
1117 1255 1277 1310 gurgite
1302 1255 1457 1304 classis,

418 1321 459 1356 et
482 1315 645 1356 tandem
668 1314 763 1355 laeti
786 1321 906 1356 notae
930 1315 1194 1355 advertuntur
1216 1329 1374 1356 arenae.

474 1374 534 1416 At
556 1375 698 1429 procul
722 1389 772 1415 ex
796 1374 904 1416 celso
928 1375 1096 1415 miratus
1119 1375 1269 1415 vertice
1294 1375 1442 1416 montis

419 1436 639 1477 adventum
664 1435 875 1488 sociasque
898 1440 1005 1476 rates
1031 1435 1203 1476 occurrit
1225 1434 1413 1485 Acestes,

419 1495 605 1537 horridus
629 1495 671 1535 in
693 1495 835 1536 iaculis
861 1501 900 1536 et
922 1495 1027 1550 pelle
1050 1495 1279 1550 Libystidis
1303 1510 1436 1546 ursae,

420 1556 544 1597 Troia
569 1554 731 1597 Criniso
756 1561 996 1610 conceptum
1019 1556 1184 1597 flumine
1208 1562 1337 1597 mater

419 1630 541 1670 quem
565 1616 717 1671 genuit.
742 1621 924 1656 veterum
947 1630 1030 1657 non
1051 1616 1250 1657 inmemor
1272 1616 1339 1658 ille
1362 1621 1574 1671 parentum

419 1681 602 1731 gratatur
624 1675 793 1717 reduces
818 1682 858 1717 et
880 1691 984 1731 gaza
1006 1676 1137 1718 laetus
1162 1676 1312 1731 agresti

420 1736 570 1791 excipit
593 1750 641 1778 ac
663 1736 796 1778 fessos
820 1736 966 1791 opibus
991 1737 1143 1778 solatur
1166 1738 1318 1779 amicis.

475 1797 649 1838 Postera
672 1811 765 1837 cum
787 1797 918 1852 primo
943 1797 1080 1839 stellas
1105 1798 1257 1839 oriente
1280 1798 1444 1853 fugarat

421 1857 530 1898 clara
552 1857 657 1906 dies,
683 1857 814 1898 socios
838 1858 883 1898 in
905 1864 1066 1899 coetum
1088 1858 1204 1899 litore
1228 1858 1278 1900 ab
1303 1859 1413 1899 omni

421 1917 593 1958 advocat
616 1916 782 1958 Aeneas
807 1918 1032 1971 tumulique
1057 1932 1108 1959 ex
1132 1933 1281 1974 aggere
1305 1919 1430 1960 fatur:

425 1977 710 2027 „Dardanidae
733 1978 891 2032 magni,
916 1992 1046 2032 genus
1071 1978 1152 2019 alto
1176 1994 1201 2019 a
1225 1979 1422 2034 sanguine
1447 1979 1595 2028 divom,

420 2052 577 2078 annuus
603 2037 756 2078 exactis
781 2037 992 2091 conpletur
1014 2038 1223 2079 mensibus
1248 2039 1370 2088 orbis,

422 2112 474 2139 ex
497 2112 578 2150 quo
601 2097 792 2150 reliquias
817 2098 1023 2151 divinique
1047 2113 1143 2140 ossa
1164 2099 1342 2153 parentis

422 2157 674 2199 condidimus
699 2164 804 2199 terra
827 2164 1085 2211 maestasque
1110 2159 1358 2200 sacravimus
1383 2174 1485 2200 aras.

420 2218 582 2272 iamque
607 2217 712 2268 dies,
737 2219 817 2259 nisi
841 2218 975 2268 fallor,
1002 2219 1135 2268 adest,
1161 2233 1283 2272 quem
1308 2234 1469 2274 semper
1492 2218 1694 2269 acerbum,

422 2293 583 2334 semper
605 2279 847 2321 honoratum
871 2305 924 2310 —-
952 2280 1010 2321 sic
1034 2281 1075 2321 di
1098 2280 1283 2322 voluistis
1308 2306 1362 2311 —
1386 2280 1558 2322 habebo.

420 2341 528 2382 hunc
553 2355 630 2396 ego
656 2340 842 2383 Gaetulis
867 2356 1029 2397 agerem
1055 2342 1089 2383 si
1115 2340 1305 2396 Syrtibus
1330 2342 1458 2391 exsul,

421 2401 668 2458 Argolicove
691 2402 793 2444 mari
816 2403 1040 2457 deprensus
1065 2408 1105 2443 et
1126 2402 1227 2444 urbe
1250 2402 1465 2457 Mycenae,

421 2478 556 2504 annua
577 2469 673 2504 vota
695 2469 832 2504 tamen
856 2463 1144 2517 sollemnisque
1167 2462 1307 2504 ordine
1329 2476 1500 2517 pompas

422 2537 683 2576 exsequerer,
709 2529 985 2576 strueremque
1010 2523 1095 2564 suis
1120 2522 1261 2564 altaria
1283 2523 1413 2564 donis.

421 2597 530 2624 nunc
552 2583 657 2624 ultro
681 2584 734 2625 ad
757 2584 912 2625 cineres
935 2583 1064 2638 ipsius
1089 2588 1129 2624 et
1151 2597 1246 2624 ossa
1267 2583 1458 2638 parentis,

422 2642 531 2683 haud
554 2643 742 2696 equidem
767 2644 853 2684 sine
876 2649 1029 2692 mente,
1054 2657 1163 2692 reor,
1189 2643 1275 2684 sine
1298 2642 1462 2683 numine
1487 2642 1623 2684 divom

422 2702 616 2744 adsumus
641 2709 681 2743 et
703 2710 842 2758 portus
867 2703 989 2745 delati
1011 2703 1208 2745 intramus
1232 2702 1396 2743 amicos.
