1780 3074
530 272 828 311 GEORGICON
846 273 945 309 LIB.
962 274 1029 311 IV.

95 381 159 422 hic
184 381 267 422 iam
290 378 517 436 galbaneos
544 377 728 420 suadebo
753 377 972 420 incendere
998 378 1146 420 odores

93 442 298 496 mellaque
321 440 558 483 arundineis
583 440 737 482 inferre
762 440 997 491 canalibus,
1022 440 1131 483 ultro

92 505 324 547 hortantem
348 509 390 545 et
412 503 548 545 fessas
573 503 627 544 ad
650 502 804 559 pabula
827 509 926 545 nota
948 509 1179 545 vocantem.

92 567 273 624 proderit
298 572 338 608 et
362 572 532 608 tunsum
555 565 690 622 gallae
715 565 944 608 admiscere
970 580 1161 621 saporem

93 629 328 683 arentisque
352 643 470 671 rosas
496 634 567 670 aut
590 628 679 684 igni
702 628 874 684 pinguia
897 628 1028 670 multo

92 691 256 734 defruta
280 691 347 733 vel
369 690 524 746 psithia
546 705 694 746 passos
720 690 772 731 de
797 690 881 731 vite
905 704 1093 732 racemos

94 752 428 809 Cecropiumque
453 752 643 808 thymum
668 757 709 793 et
731 766 860 808 grave
884 751 1037 794 olentia
1062 759 1294 795 centaurea.

92 822 156 858 est
179 816 304 857 etiam
326 814 404 856 flos
427 814 472 855 in
493 813 642 870 pratis,
669 814 736 855 cui
759 828 913 855 nomen
937 814 1086 856 amello

91 877 228 920 fecere
252 875 476 933 agricolae,
502 875 637 918 facilis
662 875 958 930 quaerentibus
983 876 1131 919 herba:

90 953 270 993 namque
294 953 378 981 uno
402 938 615 994 ingentem
639 938 745 980 tollit
768 938 820 980 de
846 939 1028 994 caespite
1054 939 1215 991 silvam,

91 1015 241 1043 aureus
265 1000 375 1056 ipse,
402 1001 477 1042 sed
500 1000 544 1042 in
568 1000 700 1051 foliis,
726 1015 833 1055 quae
857 1000 1037 1056 plurima
1062 1001 1217 1043 circum

91 1063 341 1113 funduntur,
366 1062 502 1105 violae
527 1062 719 1105 sublucet
742 1078 926 1119 purpura
949 1063 1106 1120 nigrae.

92 1139 216 1182 saepe
239 1125 366 1167 deum
389 1125 507 1167 nexis
533 1131 701 1168 ornatae
726 1125 943 1180 torquibus
969 1141 1085 1177 arae3

90 1203 214 1245 asper
235 1187 280 1230 in
304 1202 374 1230 ore
401 1202 543 1244 sapor3
569 1188 700 1230 tonsis
725 1188 768 1230 in
792 1188 971 1230 vallibus
996 1188 1113 1230 illum

90 1256 278 1306 pastores
304 1256 344 1291 et
370 1264 497 1292 curva
519 1249 665 1306 legunt
688 1265 819 1306 prope
845 1251 1017 1293 flumina
1039 1250 1209 1294 Mellae.

90 1312 214 1354 huius
240 1313 411 1354 odorato
436 1312 598 1355 radices
623 1313 803 1367 incoque
827 1313 999 1356 Baccho

90 1374 328 1431 pabulaque
353 1375 396 1416 in
420 1374 580 1417 foribus
604 1374 738 1430 plenis
763 1376 926 1431 adpone
951 1376 1157 1419 canistris.

150 1435 238 1480 Sed
262 1437 298 1479 si
321 1451 447 1492 quem
470 1437 610 1493 proles
636 1436 774 1480 subito
798 1437 997 1480 defecerit
1021 1439 1170 1488 omnis,

91 1515 169 1543 nec
191 1515 326 1557 genus
352 1500 462 1542 unde
488 1515 621 1542 novae
647 1500 788 1556 stirpis
813 1507 1030 1543 revocetur
1053 1494 1236 1552 habebit,

92 1568 255 1618 tempus
281 1568 322 1604 et
345 1560 519 1604 Arcadii
542 1562 811 1605 memoranda
834 1563 1004 1605 inventa
1027 1563 1218 1620 magistri

91 1625 290 1680 pandere,
317 1639 482 1679 quoque
506 1625 631 1667 modo
656 1625 789 1668 caesis
815 1625 899 1667 iam
924 1640 1050 1681 saepe
1074 1626 1261 1668 iuvencis

90 1687 321 1729 insincerus
346 1702 447 1743 apes
473 1687 612 1729 tulerit
636 1702 767 1730 cruor.
794 1687 918 1730 altius
943 1703 1109 1730 omnem

92 1749 312 1805 expediam
335 1749 470 1805 prima
492 1755 684 1805 repetens
708 1749 762 1792 ab
788 1750 947 1806 origine
971 1750 1141 1793 famam.

91 1826 188 1852 nam
212 1825 295 1866 qua
317 1811 477 1853 Pellaei
499 1826 604 1868 gens
628 1811 838 1854 fortunata
863 1811 1028 1868 Canopi

92 1874 240 1916 accolit
264 1873 400 1916 effuso
426 1880 690 1931 stagnantem
714 1874 884 1917 flumine
908 1874 1052 1916 Nilum

91 1941 132 1978 et
156 1936 312 1978 circum
334 1937 456 1992 pictis
482 1936 646 1978 vehitur
670 1952 747 1979 sua
770 1952 867 1978 rura
890 1936 1089 1992 phaselis,

90 2012 255 2052 quaque
279 1998 539 2054 pharetratae
563 1999 716 2041 vicinia
739 1999 926 2041 Persidis
953 2013 1104 2056 urguet

91 2066 132 2103 et
154 2061 320 2103 diversa
342 2076 467 2104 ruens
494 2067 654 2118 septem
679 2062 874 2104 discurrit
898 2062 943 2104 in
967 2078 1040 2104 ora

91 2128 132 2164 et
154 2123 330 2165 viridem
353 2122 602 2181 Aegyptum
625 2124 746 2181 nigra
770 2124 970 2167 fecundat
995 2140 1120 2167 arena

91 2199 223 2240 usque
248 2185 440 2228 coloratis
462 2182 599 2230 amnis
625 2187 810 2229 devexus
835 2187 888 2230 ab
912 2187 1046 2238 Indis,

91 2247 224 2289 omnis
248 2247 293 2289 in
316 2247 395 2290 hac
419 2255 573 2291 certam
596 2249 712 2306 regio
737 2249 835 2292 iacit
858 2255 945 2292 arte
971 2250 1160 2292 salutem.

91 2309 268 2364 exiguus
293 2309 474 2364 primum
497 2317 622 2365 atque
647 2312 761 2367 ipsos
787 2317 1023 2354 contractus
1049 2312 1093 2353 in
1116 2327 1219 2354 usus

92 2370 259 2427 eligitur
283 2370 413 2413 locus.
439 2372 549 2414 hunc
573 2373 825 2429 angustique
849 2373 1021 2416 imbrice
1047 2374 1145 2415 tecti

92 2432 402 2488 parietibusque
426 2440 619 2489 premunt
642 2435 742 2476 artis
767 2441 809 2477 et
832 2441 1028 2489 quattuor
1051 2436 1223 2486 addunt,

93 2501 288 2550 quattuor
311 2512 336 2538 a
359 2496 514 2547 ventis,
540 2496 710 2551 obliqua
732 2496 825 2539 luce
850 2497 1068 2539 fenestras.

96 2563 184 2598 tum
207 2557 362 2601 vitulus
389 2557 502 2601 bima
526 2573 703 2601 curvans
728 2559 813 2600 iam
837 2574 994 2601 cornua
1017 2559 1154 2601 fronte

94 2619 321 2673 quaeritur:
346 2620 443 2663 huic
466 2621 658 2678 geminae
682 2636 804 2663 nares
830 2627 871 2663 et
895 2621 1064 2677 spiritus
1089 2621 1173 2663 oris

95 2681 224 2723 multa
246 2682 463 2725 reluctanti
486 2683 730 2734 obstruitur,
755 2683 975 2740 plagisque
998 2689 1213 2739 perempto

98 2748 219 2785 tunsa
241 2759 314 2800 per
336 2745 542 2802 integram
567 2745 784 2788 solvuntur
807 2746 968 2788 viscera
990 2746 1154 2802 pellem.

1408 265 1461 308 79

1486 454 1552 485 265

1488 767 1553 798 270

1489 1078 1554 1110 275·

1489 1389 1556 1420 280

1490 1700 1555 1733 285

1491 2014 1556 2045 290

1489 2325 1554 2355 295

1489 2634 1556 2666 300
