1780 3074
546 272 847 312 GEORGICON
866 274 964 311 LIB.
983 275 1049 312 IV.

109 387 234 435 atque
257 379 430 436 Ephyre
454 386 579 434 atque
605 377 713 435 Opis
739 384 780 421 et
803 378 911 422 Asia
933 379 1127 436 Deiopea

109 449 151 485 et
173 442 343 484 tandem
365 442 513 498 positis
538 441 662 483 velox
683 440 899 484 Arethusa
924 443 1100 499 sagittis.

107 506 214 548 inter
237 519 343 560 quas
367 519 510 546 curam
536 503 740 559 Clymene
764 503 958 546 narrabat
981 505 1147 546 inanem

108 567 285 610 Volcani
308 566 542 621 Martisque
567 565 686 608 dolos
711 572 752 608 et
776 565 914 608 dulcia
937 566 1061 617 furta,

107 637 232 685 atque
258 628 378 672 Chao
403 629 555 671 densos
580 628 722 670 divom
744 627 991 671 numerabat
1014 643 1192 671 amores.

107 692 289 735 carmine
313 706 396 746 quo
421 696 566 746 captae
590 689 698 732 fusis
722 690 824 731 dum
847 690 988 732 mollia
1010 705 1145 746 pensa

107 754 352 804 devolvunt,
377 753 527 794 iterum
550 757 759 794 maternas
783 752 933 807 inpulit
956 767 1079 794 aures

106 817 242 859 luctus
266 814 469 864 Aristaei,
495 813 723 868 vitreisque
746 813 947 856 sedilibus
973 828 1118 857 omnes

106 878 376 934 obstupuere3
403 875 478 918 sed
501 881 597 918 ante
621 875 724 917 alias
747 874 963 918 Arethusa
987 891 1151 918 sorores

104 939 361 996 prospiciens
387 953 551 981 summa
573 937 730 980 flavum
755 944 881 994 caput
904 938 1052 980 extulit
1074 939 1190 980 unda

105 1009 146 1045 et
167 1001 331 1059 procul:
359 1016 411 1054 „o
433 1000 594 1058 gemitu
616 1015 701 1042 non
724 1000 880 1043 frustra
903 1001 1098 1043 exterrita
1122 1008 1249 1052 tanto,

106 1064 271 1120 Cyrene
297 1078 430 1115 soror,
455 1063 547 1119 ipse
571 1062 665 1114 tibi,
691 1069 764 1105 tua
786 1063 970 1106 maxima
994 1078 1106 1114 cura,

105 1127 233 1170 tristis
258 1126 479 1169 Aristaeus
506 1125 638 1168 Penei
660 1125 862 1183 genitoris
887 1126 942 1168 ad
965 1125 1123 1168 undam

105 1196 187 1232 stat
209 1189 430 1232 lacrimans
456 1198 498 1231 et
521 1194 562 1231 te
586 1187 797 1231 crudelem
820 1188 990 1231 nomine
1014 1188 1155 1231 dicit.“

104 1252 202 1294 huic
224 1267 424 1308 percussa
448 1266 559 1294 nova
581 1258 766 1293 mentem
789 1251 1012 1293 formidine
1036 1258 1171 1294 mater

105 1315 232 1368 „duc,
259 1329 356 1372 age,
382 1315 464 1357 duc
487 1314 542 1356 ad
564 1329 662 1365 nos;
686 1314 752 1356 fas
775 1314 836 1356 illi
859 1313 1004 1356 limina
1026 1314 1167 1357 divom

103 1381 301 1435 tangere“
326 1377 396 1419 ait.
424 1376 547 1419 simul
571 1376 656 1419 alta
676 1376 794 1419 iubet
817 1375 1032 1419 discedere
1056 1376 1140 1420 late

102 1440 293 1491 flumina,
319 1454 402 1494 qua
425 1439 587 1481 iuvenis
611 1453 784 1496 gressus
807 1438 992 1481 inferret.
1018 1445 1062 1481 at
1083 1439 1203 1481 illum

104 1509 274 1545 curvata
296 1502 341 1544 in
364 1502 518 1544 montis
542 1501 695 1544 faciem
720 1501 992 1543 circumstetit
1014 1494 1130 1544 unda

103 1565 345 1621 accepitque
370 1564 465 1607 sinu
488 1570 607 1607 vasto
631 1564 826 1619 misitque
851 1563 931 1607 sub
955 1579 1134 1606 amnem.

103 1629 269 1683 iamque
293 1628 464 1670 domum
488 1627 644 1669 mirans
667 1626 890 1684 genetricis
915 1632 957 1669 et
979 1626 1152 1668 humida
1174 1641 1306 1684 regna

105 1691 398 1747 speluncisque
421 1690 538 1733 lacus
564 1689 729 1732 clausos
753 1689 955 1744 lucosque
980 1689 1167 1732 sonantis

105 1753 194 1796 ibat
216 1759 258 1795 et
279 1752 441 1810 ingenti
464 1758 582 1795 motu
606 1751 867 1808 stupefactus
891 1767 1095 1807 aquarum

104 1815 245 1858 omnia
269 1815 346 1858 sub
371 1830 526 1872 magna
547 1814 731 1857 labentia
753 1814 926 1856 flumina
949 1820 1059 1856 terra

105 1878 320 1934 spectabat
343 1878 510 1920 diversa
532 1877 655 1928 locis,
679 1877 938 1932 Phasimque
962 1877 1215 1932 Lycumque

103 1946 146 1983 et
168 1946 311 1997 caput,
337 1940 448 1983 unde
472 1940 581 1982 altus
604 1940 787 1996 primum
811 1954 857 1982 se
881 1939 1061 1995 erumpit
1082 1938 1287 1995 Enipeus,

102 2003 213 2045 unde
235 2010 356 2060 pater
379 2003 604 2046 Tiberinus
629 2008 671 2045 et
694 2003 807 2044 unde
831 2001 1001 2044 Aniena
1023 2002 1181 2044 fluenta

104 2080 363 2121 saxosusque
388 2081 542 2108 sonans
565 2064 763 2122 Hypanis
787 2064 1027 2121 Mysusque
1053 2064 1208 2108 Caicus

103 2134 145 2170 et
166 2128 335 2185 gemina
358 2135 528 2171 auratus
552 2128 717 2170 taurina
740 2142 897 2170 cornua
921 2127 1039 2170 voltu

103 2190 334 2242 Eridanus,
359 2206 444 2246 quo
468 2206 556 2234 non
579 2191 686 2234 alius
710 2206 787 2247 per
808 2191 983 2248 pinguia
1007 2191 1119 2234 culta

102 2253 148 2295 in
170 2267 284 2295 mare
307 2268 563 2310 purpureum
586 2253 807 2296 violentior
830 2253 965 2295 effluit
989 2253 1138 2295 amnis.

102 2321 327 2372 postquam
351 2322 415 2358 est
438 2315 483 2357 in
505 2315 678 2358 thalami
699 2316 926 2372 pendentia
947 2316 1116 2372 pumice
1140 2321 1251 2358 tecta

103 2384 349 2434 perventum
373 2384 415 2420 et
436 2378 524 2420 nati
546 2378 669 2420 fletus
694 2378 890 2434 cognovit
913 2378 1049 2420 inanis

106 2439 291 2497 Cyrene,
315 2440 509 2483 manibus
532 2440 713 2494 liquidos
738 2441 839 2482 dant
862 2440 1006 2482 ordine
1029 2439 1158 2482 fontis

104 2517 347 2560 germanae,
372 2502 586 2557 tonsisque
610 2501 750 2544 ferunt
772 2502 970 2544 mantelia
991 2502 1123 2552 villis3

105 2579 202 2621 pars
226 2565 359 2622 epulis
383 2571 557 2608 onerant
579 2579 747 2607 mensas
772 2570 814 2607 et
835 2564 960 2620 plena
982 2571 1189 2620 reponunt

106 2627 268 2683 pocula.
292 2627 527 2671 Panchaeis
552 2627 796 2669 adolescunt
819 2625 1047 2683 pinguibus
1072 2641 1180 2668 arae.

109 2695 150 2731 et
172 2697 304 2733 mater
328 2705 457 2747 „cape
479 2689 668 2732 Maeonii
691 2689 906 2732 carchesia
929 2688 1106 2731 Bacchi:

112 2749 283 2795 Oceano
311 2753 516 2796 libemus“
542 2752 612 2795 ait.
639 2752 763 2794 simul
786 2752 880 2808 ipsa
901 2757 1096 2808 precatur

183 2829 335 2865 Vergilius.
1223 2826 1244 2860 6

1422 266 1474 309 81

1504 581 1568 612 345

1506 893 1572 924 350

1507 1204 1572 1234 355

1507 1516 1572 1547 360

1507 1828 1572 1858 365

1505 2140 1572 2172 370

1505 2451 1572 2482 375

1502 2764 1568 2795 380
