1780 3074
568 273 827 312 AENEIDOS
845 273 944 310 LIB.
962 274 992 309 l.
1382 264 1462 307 101

100 381 384 436 artificumque
407 394 555 421 manus
579 378 687 420 inter
710 393 756 421 se
780 392 1035 435 operumque
1057 376 1266 420 laborem‹
1489 391 1556 423 455

98 445 287 495 miratur,
311 443 426 485 videt
447 442 598 484 Iliacas
623 455 676 483 ex
700 441 844 483 ordine
866 455 1032 498 pugnas

98 506 289 561 bellaque
310 505 397 547 iam
418 504 533 546 fama
556 509 689 546 totum
711 503 881 560 volgata
902 518 979 559 per
1001 502 1158 553 orbem,

98 568 272 611 Atridas
295 566 594 620 Priamumque
617 571 659 607 et
683 580 855 607 saevum
879 564 1084 607 ambobus
1107 564 1317 607 Achillen.

99 629 282 672 constitit
305 635 347 671 et
367 628 607 679 lacrimans,
635 627 756 682 „quis
779 627 864 669 iam
886 627 1052 678 locus,“
1076 627 1231 682 inquit,
1260 626 1464 679 „Achate‚

97 706 206 747 quae
228 691 345 748 regio
367 690 413 732 'm
435 690 553 732 terris
577 689 708 731 nostri
730 704 814 731 non
836 689 962 745 plena
983 689 1164 732 laboris?
1489 702 1557 734 460

99 769 152 796 en
174 753 380 796 Priamus.
407 758 503 794 sunt
526 751 594 793 hic
618 751 743 793 etiam
768 766 844 793 sua
866 751 1053 807 praemia
1074 752 1189 794 laudi
1196 769 1209 804 3

100 822 197 858 sunt
218 815 413 858 lacrimae
434 828 573 856 rerum
597 818 638 854 et
660 818 843 854 mentem
866 813 1057 855 mortalia
1079 819 1270 870 tangunt.

99 878 214 921 solve
238 884 373 920 metus
381 893 393 928 ;
417 876 522 918 feret
544 875 649 918 haec
673 875 855 930 aliquam
878 875 954 918 tibi
977 876 1091 918 fama
1115 877 1333 920 salutem.“

99 941 160 983 sic
182 940 258 991 ait,
283 946 407 994 atque
430 938 615 980 animum
638 937 800 993 pictura
821 938 957 994 pascit
979 938 1105 990 inani,

98 1003 229 1045 multa
250 1016 442 1059 gemens,
467 1001 668 1057 largoque
691 1000 904 1043 humectat
927 1001 1096 1043 flumine
1120 1002 1291 1044 voltum.
1491 1015 1557 1045 465

98 1079 277 1120 namque
300 1063 486 1114 videbat,
511 1063 573 1105 uti
596 1063 798 1105 bellantes
822 1063 1033 1121 Pergama
1057 1064 1214 1106 circum

99 1127 176 1170 hac
199 1127 392 1184 fugerent
417 1125 536 1177 Grai,
562 1132 768 1182 premeret
791 1126 975 1169 Troiana
997 1127 1204 1177 iuventus,

97 1191 176 1233 hac
198 1190 408 1247 Phryges,
433 1189 606 1232 instaret
629 1204 752 1231 curru
775 1189 968 1232 cristatus
992 1190 1196 1233 Achilles.

98 1267 176 1295 nec
198 1253 343 1309 procul
365 1252 462 1294 hinc
484 1251 616 1294 Rhesi
637 1251 771 1294 niveis
795 1253 972 1295 tentoria
995 1253 1100 1295 velis

97 1315 316 1372 adgnoscit
338 1314 578 1365 lacrimans,
603 1314 738 1370 primo
762 1329 869 1368 quae
892 1315 1056 1371 prodita
1080 1330 1227 1357 somno
1492 1326 1559 1357 470

99 1377 286 1433 Tydides
311 1376 442 1418 multa
463 1376 657 1418 vastabat
680 1377 806 1419 caede
830 1383 1038 1428 cruentus,

98 1441 372 1494 ardentesque
396 1439 544 1481 avertit
567 1453 696 1493 equos
720 1438 764 1480 in
787 1445 940 1490 castra,
966 1440 1081 1495 prius
1106 1454 1232 1510 quam

97 1501 252 1558 pabula
274 1506 515 1558 gustassent
539 1500 690 1542 Troiae
714 1500 1020 1556 Xanthumque
1042 1501 1258 1544 bibissent.

97 1569 215 1620 parte
238 1563 320 1605 alia
342 1562 510 1620 fugiens
535 1562 701 1605 amissis
726 1562 894 1605 Troilus
919 1563 1059 1614 armis,

98 1626 244 1668 infelix
265 1640 369 1682 puer
391 1631 516 1679 atque
539 1625 660 1681 inpar
683 1639 934 1682 congressus
958 1624 1129 1676 Achilli,
1358 1625 1362 1629 ⁴
1494 1639 1559 1669 475

98 1687 230 1730 fertur
253 1687 391 1742 equis,
417 1701 622 1742 curruque
644 1686 788 1729 haeret
810 1687 1032 1743 resupinus
1057 1688 1182 1738 inani,

102 1751 192 1793 lora
216 1756 361 1792 tenens
386 1759 526 1791 tamen
533 1766 545 1800 ;
570 1749 667 1791 huic
691 1749 914 1804 cervixque
939 1764 1165 1804 comaeque
1189 1749 1408 1791 trahuntur

98 1828 175 1869 per
197 1819 366 1862 terram,
393 1818 434 1853 et
456 1826 579 1853 versa
600 1811 738 1867 pulvis
763 1811 1003 1854 inscribitur
1025 1812 1159 1853 hasta.

99 1876 257 1917 interea
279 1875 334 1916 ad
357 1874 558 1930 templum
580 1889 666 1916 non
688 1888 846 1929 aequae
869 1874 1055 1917 Palladis
1079 1874 1195 1916 ibant

100 1936 282 1979 crinibus
306 1936 461 1978 Iliades
484 1935 621 1992 passis
644 1936 898 1992 peplumque
921 1936 1124 1986 ferebant,
1495 1948 1562 1978 480

101 1998 340 2054 suppliciter
362 1998 501 2040 tristes
525 2004 567 2040 et
590 2004 738 2040 tunsae
761 2004 932 2054 pectora
953 1999 1125 2055 palmis3

101 2061 198 2103 diva
221 2060 310 2103 solo
333 2060 439 2103 fixos
463 2060 605 2103 oculos
630 2075 778 2103 aversa
800 2061 981 2104 tenebat.

102 2133 164 2164 ter
186 2122 342 2164 circum
364 2122 516 2165 Iliacos
540 2128 776 2178 raptaverat
799 2123 986 2166 Hectora
1009 2138 1164 2174 muros,

102 2184 421 2239 exanimumque
445 2199 545 2227 auro
570 2199 720 2240 corpus
744 2185 952 2227 vendebat
974 2185 1176 2227 Achilles.

102 2253 192 2288 tum
213 2260 313 2288 vero
335 2246 547 2301 ingentem
569 2247 772 2302 gemitum
796 2247 868 2289 dat
890 2254 1058 2302 pectore
1082 2247 1135 2289 ab
1159 2247 1256 2296 imo,
1496 2258 1562 2288 485

102 2314 150 2350 ut
174 2307 324 2363 spolia,
349 2313 396 2348 ut
419 2321 582 2358 currus,
606 2314 736 2362 utque
758 2308 899 2364 ipsum
922 2323 1073 2365 corpus
1098 2308 1234 2358 amici,
1408 2312 1413 2316 ’

104 2369 423 2422 tendentemque
447 2383 594 2410 manus
618 2369 834 2411 Priamum
859 2371 1076 2425 conspexit
1098 2370 1291 2411 inermes.

107 2445 152 2474 se
174 2444 340 2486 quoque
362 2429 618 2485 principibus
642 2431 894 2484 permixtum
918 2431 1118 2487 adgnovit
1140 2429 1331 2479 Achivis,

106 2506 288 2547 eoasque
311 2492 422 2534 acies
447 2498 488 2533 et
511 2491 620 2547 nigri
642 2490 884 2533 Memnonis
909 2507 1036 2534 arma.

108 2555 222 2597 ducit
242 2553 554 2596 Amazonidum
576 2553 731 2595 lunatis
755 2553 923 2609 agmina
945 2553 1068 2608 peltis
1497 2565 1562 2596 490

110 2615 374 2659 Penthesilea
396 2616 559 2666 furens,
583 2615 816 2669 mediisque
839 2615 883 2656 in
906 2614 1072 2657 milibus
1097 2613 1226 2666 ardet,

113 2692 236 2720 aurea
259 2678 507 2721 subnectens
532 2683 720 2720 exsertae
744 2676 912 2733 cingula
935 2690 1152 2726 mammae,

114 2737 319 2791 bellatriX,
346 2741 551 2795 audetque
576 2739 675 2782 viris
701 2753 941 2782 concurrere
965 2738 1096 2794 virgo.
