1820 3054
385 273 467 315 360
781 280 823 314 Ρ.
844 278 1073 314 VERGILII
1092 275 1316 314 MARONIS

341 395 361 426 5
385 388 472 423 tum
494 395 586 422 mea
608 384 774 433 quaeret
796 392 844 419 eo
869 377 1039 432 dignum
1063 377 1141 419 sibi
1164 391 1356 431 quaerere
1381 392 1561 428 carmen3

383 442 505 496 longe
529 440 640 482 aliud
663 439 844 480 studium
867 443 988 491 atque
1013 437 1114 479 alios
1139 438 1320 480 accincta
1341 438 1501 481 labores

384 501 503 543 altius
527 500 581 541 ad
603 498 742 554 magni
765 497 973 540 subtendit
997 498 1130 539 sidera
1152 499 1306 549 mundi,

384 566 424 602 et
445 559 640 615 placitum
660 558 803 613 paucis
833 573 934 599 ausa
957 563 1020 599 est
1041 559 1261 601 ascendere
1284 559 1447 601 collem:
1473 585 1526 590 —

382 635 465 662 non
487 626 623 660 tamen
646 618 843 660 absistam
866 624 1056 673 coeptum
1079 619 1269 661 detexere
1291 635 1454 670 munus,

320 694 360 725 1o
382 680 425 722 in
447 694 528 733 quo
550 679 637 721 iure
659 693 773 720 meas
796 679 953 720 utinam
974 679 1228 733 requiescere
1251 695 1391 723 musas

383 746 424 782 et
445 739 588 781 leviter
609 738 804 781 blandum
825 739 946 780 liceat
968 739 1169 794 deponere
1192 755 1360 783 morem.

383 799 406 821 ⁴¹
429 799 540 854 quod
563 800 598 841 si
620 799 835 840 mirificum
856 799 1038 854 proferre
1061 800 1197 842 valent
1220 815 1351 856 genus
1375 815 1515 843 omnes

382 859 598 902 mirificum
621 859 762 910 saecli,
786 860 909 901 modo
933 860 986 901 sit
1008 859 1082 902 tibi
1104 861 1208 902 velle
1231 861 1370 912 libido,
1383 860 1405 882 ³⁸*

384 921 420 963 si
442 935 508 962 me
530 919 613 962 iam
636 935 797 962 summa
820 921 1019 975 sapientia
1040 927 1238 977 pangeret
1261 936 1365 972 arce,

320 994 361 1025 15
385 986 576 1035 quattuor
598 981 774 1034 antiquis
798 995 903 1034 quae
926 981 1144 1023 heredibus
1169 988 1232 1023 est
1255 982 1350 1024 data
1373 997 1553 1033 consors,

382 1041 492 1082 unde
515 1041 727 1082 hominum
750 1055 905 1082 errores
929 1041 1050 1096 longe
1073 1042 1235 1095 lateque
1257 1057 1331 1097 per
1354 1042 1495 1084 orbem

384 1100 594 1156 despicere
617 1106 739 1154 atque
761 1100 935 1143 humiles
958 1116 1125 1157 possem
1148 1108 1404 1144 contemnere
1429 1117 1565 1145 curas:

384 1175 467 1203 non
490 1175 567 1216 ego
591 1166 631 1202 te
653 1160 777 1202 talem
800 1175 1014 1203 venerarer
1036 1177 1203 1204 munere
1227 1163 1309 1213 tali,

384 1236 468 1263 non
491 1221 697 1274 equidem,
722 1222 908 1275 quamvis
932 1222 1136 1264 interdum
1157 1223 1296 1264 ludere
1319 1223 1438 1265 nobis

319 1293 363 1324 20
385 1287 425 1323 et
447 1280 641 1336 gracilem
663 1281 776 1322 molli
798 1281 918 1323 liceat
940 1283 1045 1336 pede
1069 1283 1255 1324 claudere
1278 1298 1463 1334 versum3

385 1341 460 1382 sed
481 1355 631 1395 magno
653 1340 859 1391 intexens,
885 1341 919 1383 si
943 1342 1007 1383 sas
1032 1348 1094 1383 est
1117 1342 1270 1392 dicere,
1293 1342 1429 1397 peplo,

385 1400 518 1455 qualis
541 1401 784 1443 Erechtheis
808 1401 906 1443 olim
927 1408 1112 1456 portatur
1132 1401 1325 1453 Athenis,

385 1460 523 1502 debita
546 1474 640 1502 cum
663 1467 799 1502 castae
824 1461 1037 1503 solvuntur
1058 1468 1154 1504 vota
1175 1462 1402 1513 Minervae,

385 1521 580 1574 tardaque
605 1521 790 1564 confecto
813 1522 984 1563 redeunt
1007 1523 1283 1577 quinquennia
1304 1524 1445 1574 lustro,

319 1594 362 1625 25
386 1595 481 1623 cum
502 1580 606 1622 levis
630 1581 785 1623 alterno
808 1582 1013 1637 zephyrus
1037 1583 1291 1626 concrebruit
1315 1599 1413 1626 euro

385 1647 427 1683 et
447 1655 576 1696 prono
599 1642 815 1696 gravidum
837 1644 1025 1697 provexit
1045 1645 1225 1699 pondere
1249 1660 1423 1687 currum.

386 1701 487 1744 felix
509 1701 579 1743 illa
602 1702 709 1752 dies,
734 1701 835 1744 felix
858 1709 898 1744 et
921 1704 1068 1745 dicitur
1090 1720 1234 1756 annus,

386 1761 546 1811 felices,
571 1762 641 1814 qui
663 1762 787 1804 talem
809 1777 962 1803 annum
985 1764 1122 1806 videre
1146 1766 1352 1820 diemque!

387 1835 485 1877 ergo
508 1821 718 1864 Palladiae
741 1828 932 1864 texuntur
954 1824 997 1864 in
1020 1825 1159 1867 ordine
1181 1841 1358 1882 pugnae,

322 1894 366 1924 30
387 1896 540 1937 magna
564 1880 779 1938 Giganteis
804 1889 998 1924 ornantur
1019 1885 1140 1939 pepla
1163 1888 1351 1942 tropaeis,

387 1941 552 1983 horrida
575 1943 799 1997 sanguineo
821 1944 1045 1998 pinguntur
1065 1945 1220 1998 proelia
1243 1961 1384 1998 cocco;

391 2002 552 2044 additur
575 2008 715 2043 aurata
738 2003 919 2052 deiectus
943 2004 1111 2058 cuspide
1135 2005 1324 2059 Typhon,

389 2061 461 2114 qui
481 2061 613 2116 prius,
641 2061 812 2104 Ossaeis
836 2068 1097 2105 consternens
1122 2065 1285 2106 aethera
1308 2067 1430 2115 saxis,

388 2120 583 2163 Emathio
607 2122 761 2163 celsum
785 2122 1018 2177 duplicabat
1040 2124 1189 2167 vertice
1215 2123 1452 2179 Olympum.

325 2194 367 2225 35
390 2181 470 2223 tale
494 2182 594 2224 deae
617 2183 756 2224 velum
780 2183 965 2224 sollemni
988 2189 1168 2238 tempore
1190 2191 1370 2239 portant:

391 2242 462 2282 tali
485 2247 524 2283 te
548 2242 713 2292 vellem,
738 2243 932 2284 iuvenum
955 2243 1207 2294 doctissime,
1231 2245 1312 2286 ritu

389 2315 615 2357 purpureos
639 2302 744 2344 inter
767 2303 872 2345 soles
897 2308 938 2344 et
961 2304 1133 2347 candida
1154 2304 1275 2347 lunae

393 2361 542 2412 sidera,
568 2363 762 2405 caeruleis
788 2363 928 2405 orbem
948 2364 1153 2419 pulsantia
1175 2365 1294 2421 bigis,

307 2468 312 2472 ι
392 2427 560 2463 naturae
583 2437 718 2464 rerum
742 2424 903 2479 magnis
926 2425 1107 2466 intexere
1131 2425 1299 2476 chartis,

326 2494 369 2525 40
393 2487 600 2524 aeternum
624 2484 790 2539 sophiae
815 2485 1074 2527 coniunctum
1097 2486 1274 2529 carmine
1297 2501 1446 2528 nomen

393 2548 532 2583 nostra
554 2548 670 2584 tuum
695 2544 859 2589 senibus
882 2545 1114 2599 loqueretur
1134 2547 1285 2602 pagina
1308 2548 1464 2589 saeclis.

396 2602 469 2643 sed
490 2604 682 2656 quoniam
706 2605 758 2646 ad
782 2611 913 2647 tantas
937 2620 1046 2647 nunc
1067 2607 1245 2661 primum
1266 2609 1471 2650 nascimur
1493 2613 1611 2658 artes,

394 2676 502 2704 nunc
524 2663 700 2718 primum
724 2671 882 2714 teneros
906 2666 1114 2712 firmamus
1137 2667 1281 2710 robore
1304 2682 1469 2718 nervos3
