1820 3080
305 480 367 510 130

303 778 365 808 135

306 1080 367 1109 140

305 1381 367 1411 145

308 1683 367 1711 150

303 1982 366 2012 155

303 2283 365 2314 160

305 2587 366 2617 165

392 298 475 339 238
792 303 833 337 Ρ.
852 301 1082 338 VERGILII
1099 299 1322 337 MARONIS

390 421 472 448 non
495 405 682 458 equidem
706 402 890 451 extimui,
914 401 1108 442 Danaum
1132 400 1242 453 quod
1265 401 1407 441 ductor
1430 407 1470 442 ct
1492 401 1624 442 Arcas

390 465 578 519 quodque
602 463 653 504 ab
679 462 802 516 stirpe
825 462 933 507 fores
957 461 1129 515 geminis
1155 460 1392 502 coniunctus
1415 461 1592 511 Atridis3

392 525 463 566 sed
486 538 578 564 mea
600 537 665 563 me
689 522 817 562 virtus
841 530 882 562 et
905 528 1046 561 sancta
1069 520 1232 561 oracula
1255 521 1405 570 divom,

390 584 632 640 cognatique
654 588 809 637 patres,
835 588 905 622 tua
927 581 1043 622 terris
1068 582 1195 622 didita
1217 581 1328 622 fama

391 645 634 686 coniunxere
658 642 731 684 tibi
754 650 795 684 et
817 642 911 683 fatis
937 656 1055 697 egere
1079 642 1294 683 volentem.

390 705 628 752 Dardanus,
654 703 803 744 Iliacae
825 704 980 758 primus
1004 709 1120 757 pater
1142 703 1254 743 urbis
1279 708 1318 743 et
1342 710 1493 752 auctor,

389 765 572 814 Electra,
597 771 642 805 ut
666 762 767 805 Grai
789 763 1021 818 perhibent,
1045 762 1256 804 Atlantide
1281 770 1428 813 cretus,

389 825 601 866 advehitur
624 825 825 874 Teucros3
849 823 1055 865 Electram
1078 824 1280 865 maximus
1303 823 1423 865 Atlas

390 886 532 935 edidit,
558 886 757 927 aetherios
781 885 950 926 humero
973 886 1044 939 qui
1068 885 1240 926 sustinet
1263 885 1394 926 orbes.

390 946 507 988 vobis
531 946 762 987 Mercurius
785 953 900 1000 pater
923 953 1002 995 est,
1027 960 1149 1000 quem
1172 946 1344 987 candida
1366 945 1481 986 Maia

392 1006 587 1061 Cyllenae
610 1007 745 1062 gelido
769 1015 1009 1061 conceptum
1031 1007 1181 1047 vertice
1205 1006 1310 1046 fudit
1317 1022 1328 1055 ;

390 1074 432 1108 at
453 1067 628 1116 Maiam,
653 1067 799 1108 auditis
825 1067 860 1108 si
883 1067 1099 1120 quicquam
1123 1067 1342 1115 credimus,
1367 1065 1500 1115 Atlas,

389 1127 499 1168 idem
521 1126 642 1168 Atlas
664 1133 848 1182 generat,
874 1127 976 1168 caeli
998 1127 1068 1180 qui
1092 1127 1224 1168 sidera
1248 1127 1362 1167 tollit.

391 1188 450 1229 sic
472 1202 602 1243 genus
627 1187 838 1229 amborum
863 1188 1009 1228 scindit
1033 1201 1076 1228 se
1101 1188 1298 1242 sanguine
1322 1186 1374 1227 ab
1397 1200 1491 1227 uno.

390 1247 453 1289 his
477 1247 605 1289 fretus
629 1262 712 1288 non
733 1247 889 1303 legatos
913 1262 1045 1301 neque
1066 1248 1198 1302 prima
1219 1262 1293 1301 per
1315 1253 1442 1287 artem

390 1314 679 1364 temptamenta
701 1308 761 1348 tui
782 1308 939 1363 pepigi3
963 1322 1046 1357 me,
1070 1322 1136 1348 me
1158 1308 1246 1362 ipse
1270 1320 1487 1359 meumque

391 1368 522 1410 obieci
545 1374 666 1422 caput
689 1375 730 1408 et
754 1368 926 1422 supplex
949 1368 1002 1408 ad
1024 1367 1164 1407 limina
1187 1367 1292 1407 veni.

390 1443 492 1483 gens
516 1428 676 1477 eadem,
702 1442 806 1480 quae
830 1437 887 1477 te,
913 1427 1066 1468 crudeli
1087 1427 1254 1468 Daunia
1277 1426 1384 1468 bello

390 1488 617 1541 insequitur
623 1504 634 1538 3
659 1502 734 1528 nos
759 1488 793 1528 si
815 1487 986 1542 pellant,
1010 1487 1111 1528 nihil
1134 1487 1247 1528 afore
1270 1487 1451 1536 credunt,

390 1548 489 1602 quin
512 1562 673 1589 omnem
695 1547 942 1602 Hesperiam
964 1548 1126 1602 penitus
1151 1562 1226 1588 sua
1249 1547 1325 1588 sub
1349 1547 1445 1602 iuga
1468 1547 1640 1597 mittant,

390 1615 430 1650 et
451 1623 562 1650 mare
585 1609 694 1662 quod
718 1623 841 1663 supra
864 1615 1044 1658 teneant,
1070 1609 1259 1662 quodque
1284 1608 1411 1648 adluit
1433 1607 1550 1648 infra.

391 1669 529 1724 accipe
553 1669 685 1722 daque
708 1669 843 1710 fidem.
869 1676 963 1710 sunt
985 1669 1103 1710 nobis
1127 1668 1248 1710 fortia
1270 1668 1377 1709 bello

388 1736 571 1784 pectora,
597 1734 693 1770 sunt
715 1730 839 1770 animi
862 1735 902 1770 et
923 1729 1046 1771 rebus
1072 1734 1252 1784 spectata
1274 1729 1502 1769 iuventus.“

391 1790 548 1830 dixerat
570 1788 748 1831 Aeneas.
773 1789 841 1831 illc
865 1804 910 1831 os
935 1790 1157 1842 oculosque
1179 1788 1381 1842 loquentis

390 1849 629 1890 iamdudum
652 1856 692 1891 et
715 1856 845 1891 totum
867 1850 1067 1891 lustrabat
1089 1850 1241 1890 lumine
1265 1863 1424 1902 corpus.

390 1917 477 1950 tum
501 1910 560 1950 sic
581 1924 714 1964 pauca
735 1909 875 1950 refert:
902 1916 973 1960 „ut
996 1916 1053 1959 te,
1078 1909 1297 1950 fortissime
1323 1909 1539 1957 Teucrum,

390 1969 544 2024 accipio
568 1970 856 2025 adgnoscoque
879 1969 1029 2011 libens!
1054 1976 1100 2010 ut
1122 1969 1246 2010 verba
1267 1969 1446 2023 parentis

390 2035 431 2070 ct
453 2044 596 2071 vocem
619 2029 829 2071 Anchisae
851 2030 991 2084 magni
1013 2030 1249 2083 voltumque
1271 2027 1478 2069 recordor!

389 2104 485 2130 nam
508 2090 673 2130 memini
695 2089 905 2131 Hesionae
927 2090 1126 2131 visentem
1148 2103 1275 2144 regna
1298 2088 1447 2130 sororis

388 2149 767 2191 Laomedontiaden
789 2150 1017 2199 Priamum,
1045 2149 1253 2192 Salamina
1274 2154 1490 2203 petentem,

388 2210 571 2265 protinus
595 2210 799 2252 Arcadiae
821 2211 979 2267 gelidos
1003 2211 1178 2251 invisere
1201 2209 1307 2250 finis.

389 2276 475 2311 tum
498 2271 598 2312 mihi
619 2272 751 2326 prima
773 2286 900 2327 genas
923 2270 1100 2312 vestibat
1127 2270 1224 2311 flore
1246 2270 1445 2318 iuventas,

388 2331 644 2385 mirabarque
668 2332 793 2373 duces
818 2332 1020 2382 Teucros,
1044 2331 1222 2372 mirabar
1245 2337 1285 2371 et
1306 2330 1442 2385 ipsum

388 2392 786 2443 Laomedontiaden3
811 2393 885 2434 sed
908 2392 1063 2433 cunctis
1087 2391 1204 2433 altior
1226 2390 1311 2432 ibat

387 2451 606 2494 Anchises.
631 2453 731 2494 mihi
753 2467 869 2494 mens
892 2452 1071 2494 iuvenali
1093 2451 1261 2494 ardebat
1283 2465 1420 2492 amore

389 2514 617 2568 conpellare
638 2514 772 2557 virum
795 2520 836 2554 et
858 2514 1023 2554 dextrae
1047 2513 1291 2567 coniungere
1315 2511 1516 2558 dextram3

390 2575 544 2616 accessi
568 2581 608 2615 et
631 2575 802 2629 cupidus
825 2574 983 2616 Phenei
1006 2573 1082 2615 sub
1106 2573 1267 2614 moenia
1289 2571 1398 2613 duxi.

390 2634 457 2675 ille
479 2634 579 2675 mihi
601 2634 804 2690 insignem
826 2635 1056 2689 pharetram
1078 2634 1313 2688 Lyciasque
1336 2631 1504 2686 sagittas

391 2694 603 2736 discedens
627 2694 963 2749 chlamydemque
986 2709 1084 2736 auro
1108 2693 1220 2735 dedit
1241 2693 1508 2739 intertextam,
