1800 3106
606 273 865 311 AENEIDOS
884 273 983 309 LIB.
1002 273 1070 308 XI.
1438 265 1520 307 319

154 382 277 440 pulsa
300 381 439 432 cadat,
464 381 618 437 patrias
643 378 837 422 remeabo
860 378 1061 436 inglorius
1085 377 1251 420 urbes.“

155 444 285 487 audiit
309 450 350 486 et
373 443 460 486 voti
482 442 682 486 Phoebus
708 441 930 484 succedere
952 446 1115 498 partem

154 512 292 548 mente
316 505 447 556 dedit,
472 511 634 561 partem
656 504 836 547 volucris
861 503 1058 560 dispersit
1078 503 1123 545 in
1146 518 1287 545 auras:
1548 516 1612 548 795

155 574 356 611 sterneret
379 575 426 609 ut
450 567 588 610 subita
610 566 819 610 turbatam
843 572 974 609 morte
1001 565 1222 609 Camillam

154 630 300 672 adnuit
323 629 475 680 oranti,
499 629 696 672 reducem
718 635 766 671 ut
786 629 922 685 patria
944 628 1029 671 alta
1050 628 1211 670 videret

153 707 238 735 non
261 692 393 743 dedit,
419 692 544 747 inque
567 698 692 734 notos
714 705 863 734 vocem
885 697 1045 734 vertere
1068 691 1288 747 procellae.

154 769 271 811 crgo,
296 753 370 797 ubi
392 754 523 797 missa
545 769 674 796 manu
697 754 879 796 sonitum
902 753 1017 796 dedit
1039 753 1162 795 hasta
1183 768 1259 809 per
1282 767 1418 804 auras,

154 823 394 860 convertere
418 816 579 859 animos
603 816 710 859 acris
734 816 962 871 oculosque
986 816 1117 858 tulere
1547 827 1614 860 800

153 879 291 922 cuncti
314 879 369 922 ad
391 878 580 936 reginam
602 878 762 922 Volsci.
787 879 890 920 nihil
914 879 1007 934 ipsa
1030 893 1108 921 nec
1132 893 1257 920 aurae

151 956 231 984 nec
254 942 414 984 sonitus
439 956 598 984 memor
620 948 693 984 aut
714 941 918 984 venientis
943 941 996 984 ab
1021 941 1187 983 aethere
1211 941 1293 990 teli,

151 1003 273 1046 hasta
296 1003 376 1046 sub
400 1009 608 1045 exsertam
631 1003 766 1046 donec
787 1002 948 1059 perlata
968 1003 1169 1059 papillam

150 1065 304 1117 haesit,
328 1065 648 1122 virgineumque
671 1065 753 1107 alte
776 1064 884 1108 bibit
906 1070 1000 1107 acta
1024 1079 1224 1107 cruorem.

151 1134 400 1171 concurrunt
423 1128 608 1184 trepidae
631 1128 822 1179 comites,
848 1128 1143 1183 dominamque
1167 1134 1355 1170 ruentem
1547 1141 1612 1173 805

152 1190 395 1247 suscipiunt.
421 1190 531 1247 fug-it
554 1197 650 1233 ante
675 1190 810 1233 omnis
835 1191 1054 1233 exterritus
1078 1190 1257 1241 Arruns,

150 1252 307 1294 laetitia
328 1252 543 1307 mixtoque
566 1259 700 1304 metu,
724 1267 803 1295 nec
824 1253 910 1295 iam
933 1253 1111 1309 amplius
1136 1253 1281 1294 hastae

152 1313 338 1364 credere,
362 1328 441 1356 nec
464 1314 557 1357 telis
581 1329 797 1357 occurrere
819 1315 993 1371 virginis
1018 1315 1156 1357 audet.

152 1391 201 1419 ac
224 1376 339 1419 velut
361 1376 448 1427 ille,
473 1377 588 1433 prius
613 1391 740 1432 quam
762 1377 846 1420 tela
867 1377 1036 1419 inimica
1059 1384 1297 1432 sequantur,

151 1439 347 1482 continuo
370 1439 415 1481 in
437 1440 591 1482 montis
616 1454 709 1482 sese
732 1439 853 1482 avius
878 1439 1038 1482 abdidit
1061 1439 1167 1482 altos
1546 1454 1612 1485 810

152 1502 291 1544 occiso
316 1508 483 1558 pastore
506 1501 632 1558 lupus
655 1516 864 1559 magnove
888 1502 1078 1552 iuvenco,

151 1563 343 1607 conscius
369 1563 539 1607 audacis
563 1564 682 1615 facti,
708 1564 966 1619 caudamque
990 1563 1224 1606 remulcens

152 1624 327 1668 subiecit
350 1625 605 1681 pavitantem
628 1633 766 1678 utero,
792 1626 1002 1682 silvasque
1026 1626 1184 1682 petivit,

150 1687 264 1730 haud
287 1702 408 1730 secus
433 1702 486 1730 ex
510 1688 641 1731 oculis
666 1703 712 1731 se
736 1687 926 1731 turbidus
951 1688 1123 1731 abstulit
1145 1687 1325 1738 Arruns,

151 1755 452 1804 contentusque
475 1750 580 1807 fuga
602 1750 751 1793 mediis
777 1765 822 1793 se
846 1750 1059 1793 inmiscuit
1082 1750 1222 1793 armis.
1545 1764 1610 1794 8ιό

149 1810 221 1853 illa
243 1826 372 1853 manu
394 1811 575 1855 moriens
600 1812 730 1855 telum
753 1812 896 1864 trahit,
922 1827 1020 1855 ossa
1044 1813 1119 1855 sed
1141 1812 1249 1855 inter

149 1872 310 1916 ferreus
334 1874 389 1916 ad
412 1880 552 1917 costas
575 1874 659 1917 alto
683 1881 766 1918 stat
787 1875 956 1918 volnere
979 1889 1136 1917 mucro.

149 1934 303 1977 labitur
326 1937 571 1994 exsanguis,
595 1936 793 1980 labuntur
815 1937 970 1994 frigida
991 1937 1075 1979 leto

148 1997 325 2049 lumina,
348 2012 583 2055 purpureus
606 1999 819 2054 quondam
842 1999 956 2042 color
978 2014 1052 2042 ora
1073 1999 1250 2055 reliquit.

148 2066 238 2101 tum
262 2059 323 2103 sic
346 2060 563 2117 exspirans
585 2060 768 2113 Accam,
793 2076 847 2104 ex
870 2061 1114 2117 aequalibus
1138 2076 1279 2112 unam,
1544 2076 1610 2106 820

148 2121 403 2177 adloquitur,
427 2123 513 2165 fida
535 2129 631 2166 ante
655 2123 760 2166 alias
783 2139 893 2179 quae
916 2124 1008 2167 sola
1032 2123 1249 2175 Camillae,

148 2184 316 2238 quicum
340 2185 484 2240 partiri
506 2199 646 2236 curas,
671 2192 796 2240 atque
818 2186 925 2229 haec
946 2187 1006 2229 ita
1027 2186 1158 2228 fatur:

151 2245 376 2297 „hactenus
383 2277 396 2297 ‚
421 2246 542 2289 Acca
565 2262 700 2298 soror,
725 2248 862 2303 potui3
885 2262 998 2290 nunc
1021 2247 1170 2289 volnus
1196 2246 1392 2289 acerbum

149 2307 314 2350 conficit
337 2313 379 2349 et
402 2307 583 2350 tenebris
607 2309 851 2365 nigrescunt
874 2310 1014 2352 omnia
1037 2309 1206 2351 circum.

149 2369 288 2425 effuge
313 2374 354 2411 et
374 2368 479 2411 haec
503 2369 647 2411 Turno
671 2371 868 2412 mandata
890 2370 1120 2413 novissima
1141 2369 1299 2426 perfer:
1541 2383 1607 2414 825

150 2432 346 2474 succedat
367 2446 536 2488 pugnae
561 2431 849 2487 Troianosque
873 2440 1012 2475 arceat
1034 2432 1150 2475 urbe.

149 2494 313 2548 iamque
337 2493 471 2536 vale.“
498 2493 621 2536 simul
644 2493 710 2536 his
735 2494 856 2537 dictis
879 2494 1095 2549 linquebat
1116 2494 1315 2544 habenas,

148 2555 203 2598 ad
225 2562 376 2598 terram
399 2570 485 2598 non
509 2562 655 2612 sponte
678 2556 825 2598 fluens.
850 2563 939 2598 tum
962 2557 1116 2613 frigida
1139 2563 1226 2599 toto

147 2618 361 2674 paullatim
386 2618 564 2661 exsolvit
587 2633 632 2661 se
657 2633 846 2675 corpore,
870 2619 1064 2674 lentaque
1087 2619 1194 2662 colla

149 2686 189 2722 et
211 2686 380 2737 captum
403 2680 487 2723 leto
511 2681 651 2736 posuit
675 2687 820 2736 caput,
845 2696 963 2723 arma
984 2681 1234 2737 relinquens,
1539 2697 1604 2728 830

149 2742 314 2798 vitaque
339 2757 432 2785 cum
458 2744 618 2799 gemitu
641 2743 751 2800 fugit
774 2743 989 2800 indignata
1013 2744 1091 2786 sub
1115 2743 1296 2786 umbras.
