1794 3048
229 531 293 561 255

228 833 292 862 260

229 1135 292 1165 265

230 1437 294 1468 270

323 290 403 331 174
721 299 763 332 Ρ.
783 298 1014 334 VERGILII
1033 297 1256 335 MARONIS

318 399 478 439 veloces
502 397 633 438 iaculo
658 411 799 438 cervos
825 411 1026 449 cursuque
1051 397 1208 452 fatigat,

317 473 426 507 acer,
452 457 656 498 anhelanti
680 457 841 506 similis,
866 471 988 510 quem
1011 471 1183 512 praepes
1207 457 1259 500 ab
1282 458 1359 500 Ida

317 517 531 559 sublimem
555 517 727 571 pedibus
751 517 885 571 rapuit
908 517 1019 558 Iovis
1043 518 1218 573 armiger
1240 519 1374 569 uncis3

315 577 504 632 longaevi
526 577 683 631 palmas
707 578 955 631 nequiquam
978 578 1031 618 ad
1056 578 1188 619 sidera
1211 579 1382 619 tendunt

316 638 522 687 custodes,
549 638 758 690 saevitque
782 652 929 679 canum
951 638 1120 679 latratus
1144 639 1186 679 in
1209 654 1340 680 auras.

316 705 357 739 at
380 698 450 751 qui
473 698 617 738 deinde
641 698 776 739 locum
799 699 928 739 tenuit
950 699 1097 740 virtute
1123 700 1358 750 secundum,

315 758 473 799 levibus
497 758 591 799 huic
614 758 745 799 hamis
770 765 997 800 consertam
1021 774 1199 813 auroque
1223 761 1393 802 trilicem

315 819 499 868 loricam,
524 833 647 872 quam
670 819 871 861 Demoleo
895 820 1122 861 detraxerat
1144 821 1233 875 ipse

317 880 444 921 victor
466 880 577 934 apud
599 880 786 934 rapidum
812 879 1023 922 Simoenta
1046 881 1123 922 sub
1146 881 1223 922 Ilio
1248 882 1340 931 alto,
1360 902 1362 904 >

316 940 440 982 donat
463 940 613 982 habere
637 941 743 990 viro,
769 942 893 983 decus
918 948 958 982 et
981 948 1165 985 tutamen.
1185 942 1227 983 in
1251 943 1386 983 armis.

316 1001 386 1041 vix
407 1001 518 1041 illam
541 1001 683 1042 famuli
706 1001 898 1056 Phegeus
925 1001 1174 1057 Sagarisque
1198 1002 1383 1044 ferebant

315 1061 597 1115 multiplicem,
623 1062 786 1102 connixi
807 1062 1006 1112 humeris;
1030 1063 1196 1104 indutus
1220 1069 1262 1104 at
1285 1063 1380 1105 olim

315 1122 540 1163 Demoleus
566 1136 689 1163 cursu
709 1122 893 1177 palantes
919 1123 1049 1164 Troas
1074 1123 1234 1178 agebat.

317 1183 434 1224 tertia
457 1183 565 1224 dona
588 1182 685 1223 facit
707 1183 892 1237 geminos
917 1198 969 1225 ex
992 1199 1085 1225 aere
1107 1184 1275 1234 lebetas,

317 1242 559 1298 cymbiaque
583 1250 750 1298 argento
773 1244 954 1298 perfecta
976 1250 1098 1297 atque
1122 1259 1267 1298 aspera
1291 1245 1431 1300 signis.

316 1305 478 1357 iamque
503 1304 605 1345 adeo
628 1304 767 1344 donati
790 1319 930 1345 omnes
955 1304 1183 1358 opibusque
1208 1305 1372 1359 superbi

317 1364 500 1419 puniceis
525 1364 638 1405 ibant
661 1363 810 1405 evincti
833 1370 1016 1418 tempora
1040 1365 1182 1414 taenis,

319 1440 412 1466 cum
436 1439 559 1466 saevo
583 1439 606 1465 e
630 1424 798 1478 scopulo
821 1424 950 1465 multa
972 1425 1042 1465 vix
1065 1431 1149 1466 arte
1171 1425 1369 1475 revolsus,

318 1484 480 1526 amissis
504 1484 626 1525 remis
651 1490 775 1538 atque
798 1485 938 1526 ordine
962 1484 1107 1526 debilis
1132 1500 1227 1535 uno,

318 1545 486 1586 inrisam
510 1545 597 1586 sine
619 1545 772 1587 honore
795 1552 924 1587 ratem
949 1544 1169 1601 Sergestus
1194 1546 1353 1602 agebat.

318 1606 449 1659 qualis
475 1620 597 1660 saepe
620 1606 710 1647 viae
735 1607 959 1661 deprensus
983 1607 1027 1648 in
1049 1622 1199 1662 aggere
1224 1622 1403 1662 serpens,

317 1681 435 1707 aerea
459 1681 580 1720 quem
604 1666 814 1720 obliquum
836 1673 926 1709 rota
948 1667 1110 1717 transit,
1135 1673 1206 1708 aut
1227 1668 1364 1723 gravis
1388 1668 1470 1709 ictu

318 1727 562 1769 seminecem
585 1727 701 1781 liquit
726 1743 825 1769 saxo
847 1728 1107 1782 lacerumque
1130 1728 1277 1779 viator3
1314 1725 1318 1728 ’

316 1787 566 1841 nequiquam
589 1788 734 1843 longos
758 1788 921 1844 fugiens
946 1789 1016 1830 dat
1039 1803 1205 1844 corpore
1229 1795 1370 1838 tortus,

316 1854 431 1902 parte
454 1848 570 1889 ferox
592 1849 819 1902 ardensque
843 1849 970 1890 oculis
995 1855 1035 1890 et
1059 1849 1177 1890 sibila
1200 1849 1304 1891 colla

318 1908 467 1949 arduus
493 1908 699 1958 attollens3
724 1923 819 1963 pars
843 1909 1007 1950 volnere
1031 1909 1177 1951 clauda
1199 1915 1372 1951 retentat

317 1968 524 2009 nixantem
546 1968 663 2009 nodis
688 1983 813 2022 seque
836 1969 879 2010 in
903 1984 977 2010 sua
999 1969 1182 2011 membra
1203 1969 1436 2024 plicantem:

230 2041 296 2072 280
321 2028 391 2069 tali
413 2028 583 2083 remigio
607 2029 723 2070 navis
748 2043 792 2070 se
816 2029 930 2070 tarda
952 2029 1142 2070 movebat
1149 2045 1160 2079 3

232 2343 295 2374 285

318 2089 409 2130 vela
433 2089 531 2129 facit
554 2094 690 2129 tamen
713 2095 754 2130 et
775 2089 906 2144 plenis
932 2089 1041 2131 subit
1063 2089 1168 2130 ostia
1190 2089 1303 2130 velis.

320 2148 561 2205 Sergestum
583 2148 749 2191 Aeneas
772 2150 973 2204 promisso
997 2164 1163 2191 munere
1187 2151 1311 2191 donat

319 2217 521 2251 servatam
544 2209 596 2251 ob
619 2211 767 2251 navem
789 2211 920 2252 laetus
946 2211 1158 2263 sociosque
1180 2211 1382 2252 reductos.

319 2270 389 2312 olli
412 2285 529 2312 serva
552 2270 687 2320 datur,
712 2285 882 2325 operum
904 2271 1016 2312 haud
1037 2271 1180 2326 ignara
1201 2270 1427 2319 Minervae,

321 2330 473 2373 Cressa
495 2345 645 2386 genus,
669 2330 844 2381 Pholoe,
870 2331 1103 2387 geminique
1128 2331 1204 2373 sub
1228 2331 1352 2373 ubere
1375 2330 1471 2372 nati.

375 2391 470 2433 Hoc
492 2392 584 2446 pius
608 2390 773 2433 Aeneas
797 2392 923 2434 misso
948 2392 1166 2433 certamine
1190 2391 1318 2433 tendit

319 2453 573 2508 gramineum
595 2453 639 2493 in
661 2467 870 2507 campum,
895 2467 1018 2506 quem
1041 2452 1211 2494 collibus
1235 2452 1413 2505 undique
1437 2450 1571 2492 curvis

320 2513 537 2568 cingebant
561 2513 704 2563 silvae,
728 2513 944 2566 mediaque
967 2513 1010 2554 in
1031 2513 1137 2554 valle
1161 2513 1307 2554 theatri

321 2574 451 2614 circus
476 2579 561 2614 erat
568 2589 579 2623 3
604 2587 686 2626 quo
710 2588 755 2615 se
777 2573 916 2614 multis
941 2588 1035 2614 cum
1058 2572 1222 2614 milibus
1246 2572 1365 2614 heros

194 2664 196 2667 s
233 2646 297 2676 290
321 2648 518 2675 consessu
539 2634 719 2675 medium
742 2635 834 2675 tulit
856 2640 1143 2687 exstructoque
1165 2633 1325 2675 resedit.

320 2693 404 2743 hic,
429 2694 499 2747 qui
522 2694 625 2735 forte
650 2695 774 2735 velint
795 2694 937 2748 rapido
962 2694 1202 2735 contendere
1226 2706 1358 2741 cursu,
