1794 3048
281 505 346 535 340

280 807 343 836 345

280 1110 344 1142 350

281 1414 344 1444 355

280 1717 344 1747 360

281 2019 344 2050 365

280 2322 345 2353 370

281 2626 345 2656 375

370 261 424 301 66
768 269 810 303 Ρ.
830 268 1062 304 VERGILII
1081 268 1304 306 MARONIS

370 369 566 422 litoraque
590 369 801 423 alcyonem
825 375 1033 418 resonant,
1058 368 1313 411 acalanthida
1335 370 1458 412 dumi.

427 429 539 482 Quid
562 429 635 470 tibi
656 435 841 483 pastores
865 428 1046 483 Libyae,
1071 429 1170 482 quid
1192 444 1345 484 pascua
1368 446 1487 473 versu

369 504 592 544 prosequar
615 495 654 530 et
676 489 777 530 raris
801 489 983 531 habitata
1005 489 1180 544 mapalia
1203 491 1344 532 tectis?

370 564 491 604 saepe
515 550 622 590 diem
647 556 889 603 noctemque
913 555 954 592 et
976 556 1106 592 totum
1130 565 1181 591 ex
1204 551 1343 592 ordine
1367 566 1550 593 mensem

368 611 549 665 pascitur
571 611 682 663 itque
705 625 831 665 pecus
855 611 979 666 longa
1001 611 1044 652 in
1067 612 1228 653 deserta
1251 612 1338 653 sine
1362 613 1454 654 ullis

368 671 572 725 hospitiis:
598 677 753 712 tantum
777 672 911 727 campi
933 673 1049 713 iacet.
1074 672 1210 714 omnia
1234 687 1373 714 secum

368 732 633 773 armentarius
657 731 763 773 Afer
785 732 887 788 agit,
912 738 1144 786 tectumque
1166 733 1400 787 Laremque

368 807 561 846 armaque
583 792 937 848 Amyclaeumque
962 808 1104 835 canem
1129 793 1404 848 Cressamque
1427 794 1669 850 pharetram,

367 869 449 895 non
473 868 590 895 secus
615 868 663 895 ac
685 854 825 909 patriis
850 869 943 896 acer
965 854 1176 896 Romanus
1200 855 1242 896 in
1266 855 1387 896 armis

365 915 517 956 iniusto
541 914 617 956 sub
642 915 754 957 fasce
779 915 888 956 viam
912 930 1006 956 cum
1030 916 1156 970 carpit
1181 922 1221 956 et
1243 916 1351 957 hosti

368 982 460 1017 ante
485 981 764 1030 exspectatum
786 976 929 1031 positis
955 982 1033 1017 stat
1057 976 1099 1017 in
1122 976 1284 1031 agmine
1308 977 1463 1018 castris.

422 1035 482 1077 At
504 1051 603 1086 non,
629 1050 710 1090 qua
735 1035 928 1091 Scythiae
951 1043 1095 1092 gentes
1119 1036 1382 1091 Maeotiaque
1405 1038 1526 1087 unda,

368 1097 553 1138 turbidus
579 1103 618 1138 et
642 1103 835 1150 torquens
860 1097 1045 1139 flaventis
1069 1097 1214 1138 Hister
1236 1112 1392 1147 arenas,

368 1172 531 1211 quaque
555 1157 658 1198 redit
682 1157 861 1198 medium
884 1157 1084 1212 Rhodope
1107 1164 1293 1212 porrecta
1316 1158 1392 1199 sub
1417 1173 1548 1199 axem.

367 1218 450 1259 illic
474 1218 613 1259 clausa
635 1223 774 1259 tenent
797 1217 967 1259 stabulis
993 1224 1190 1267 armenta,
1216 1232 1348 1271 neque
1371 1218 1477 1259 ullae

369 1285 439 1321 aut
461 1278 611 1320 herbae
636 1293 780 1332 campo
804 1279 1000 1332 adparent
1023 1285 1093 1320 aut
1116 1278 1260 1320 arbore
1285 1279 1470 1329 frondes;

370 1341 443 1382 sed
466 1340 570 1381 iacet
593 1339 812 1395 aggeribus
837 1340 966 1380 niveis
990 1339 1175 1380 informis
1201 1346 1241 1380 et
1264 1339 1345 1381 alto

369 1407 475 1442 terra
497 1400 593 1456 gelu
616 1400 714 1449 late,
741 1405 977 1454 septemque
1002 1400 1186 1454 adsurgit
1209 1400 1251 1440 in
1274 1399 1403 1441 ulnas.

369 1475 529 1515 semper
551 1460 701 1509 hiems,
727 1474 888 1514 semper
912 1460 1111 1514 spirantes
1136 1460 1288 1515 frigora
1312 1460 1435 1502 cauri.

368 1528 455 1563 tum
480 1521 540 1562 sol
562 1521 760 1575 pallentes
785 1521 895 1562 haud
918 1535 1112 1574 umquam
1128 1521 1300 1569 *discutit
1323 1521 1502 1571 umbras,

367 1597 443 1623 nec
467 1597 560 1623 cum
583 1582 768 1623 invectus
793 1582 907 1635 equis
932 1582 1059 1623 altum
1081 1581 1182 1637 petit
1204 1582 1385 1632 aethera,
1410 1597 1487 1624 nec
1510 1597 1603 1624 cum

367 1642 628 1698 praecipitem
655 1640 813 1684 Oceani
834 1642 957 1684 rubro
981 1642 1080 1683 lavit
1103 1656 1277 1695 aequore
1301 1656 1475 1684 currum.

369 1709 635 1745 concrescunt
659 1703 816 1745 subitae
841 1704 1014 1744 currenti
1038 1704 1081 1744 in
1103 1703 1269 1744 flumine
1293 1709 1465 1753 crustae,

368 1765 558 1816 undaque
582 1764 664 1804 iam
688 1770 803 1819 tergo
827 1764 999 1805 ferratos
1025 1764 1198 1805 sustinet
1222 1763 1354 1814 orbes,

366 1824 573 1879 puppibus
596 1824 666 1865 illa
687 1825 819 1878 prius,
843 1825 992 1879 patulis
1016 1840 1125 1866 nunc
1148 1825 1310 1879 hospita
1331 1825 1542 1880 plaustris;

368 1899 542 1938 aeraque
566 1884 769 1925 dissiliunt
792 1885 932 1940 volgo,
957 1891 1174 1938 vestesque
1196 1886 1406 1940 rigescunt

367 1946 550 1995 indutae,
576 1945 830 1998 caeduntque
855 1945 1064 1986 securibus
1088 1945 1257 1986 humida
1279 1945 1386 1994 vina,

368 2013 408 2047 et
431 2012 538 2047 totae
563 2005 735 2047 solidam
757 2006 800 2046 in
822 2005 996 2061 glaciem
1019 2011 1174 2046 vertere
1197 2005 1379 2055 lacunae,

368 2067 560 2119 stiriaque
583 2065 741 2120 inpexis
764 2065 945 2107 induruit
967 2065 1130 2106 horrida
1153 2064 1303 2106 barbis.

366 2127 520 2168 interea
543 2132 627 2167 toto
651 2141 734 2167 non
759 2127 884 2168 setius
915 2140 1006 2168 aere
1030 2126 1208 2181 ninguit:

367 2188 569 2229 intereunt
589 2187 789 2242 pecudes,
816 2193 924 2228 stant
947 2187 1194 2228 circumfusa
1216 2187 1371 2241 pruinis

368 2263 538 2303 corpora
560 2263 711 2303 magna
733 2247 877 2297 boum,
903 2247 1165 2300 confertoque
1189 2247 1351 2302 agmine
1375 2247 1484 2289 cervi

369 2315 530 2364 torpent
552 2309 659 2350 mole
682 2323 790 2350 nova
812 2314 853 2349 et
877 2308 1053 2350 summis
1073 2308 1143 2349 vix
1167 2307 1356 2349 cornibus
1381 2313 1554 2350 exstant.

368 2370 443 2412 hos
467 2384 550 2411 non
572 2369 752 2410 inmissis
777 2368 965 2418 canibus,
989 2383 1073 2410 non
1096 2368 1280 2410 cassibus
1304 2368 1398 2410 ullis

367 2431 615 2485 puniceaeve
639 2429 795 2484 agitant
816 2430 988 2484 pavidos
1012 2429 1227 2470 formidine
1249 2442 1407 2484 pennae
1414 2444 1427 2478 ;

370 2492 443 2532 sed
468 2491 617 2532 frustra
639 2490 871 2545 oppositum
894 2490 1101 2531 trudentes
1124 2495 1286 2544 pectore
1309 2494 1488 2530 montem

369 2552 594 2592 comminus
619 2550 860 2592 obtruncant
882 2550 1008 2599 ferro,
1033 2550 1290 2605 graviterque
1311 2548 1502 2589 rudentes

370 2613 542 2668 caedunt
566 2618 606 2652 et
629 2626 779 2667 magno
802 2611 899 2653 laeti
921 2611 1097 2652 clamore
1119 2615 1336 2664 reportant.

369 2671 447 2726 ipsi
470 2672 512 2711 in
536 2671 712 2713 defossis
737 2671 941 2726 specubus
967 2685 1109 2712 secura
1133 2669 1209 2715 sub
1234 2669 1315 2711 alta
