<?xml version="1.0" encoding="UTF-8"?>
<!DOCTYPE html PUBLIC "-//W3C//DTD XHTML 1.0 Transitional//EN"
    "http://www.w3.org/TR/xhtml1/DTD/xhtml1-transitional.dtd">
<html xmlns="http://www.w3.org/1999/xhtml" xml:lang="en" lang="en">
 <head>
  <title>
</title>
<meta http-equiv="Content-Type" content="text/html;charset=utf-8" />
  <meta name='ocr-system' content='tesseract 3.04.00' />
  <meta name='ocr-capabilities' content='ocr_page ocr_carea ocr_par ocr_line ocrx_word'/>
</head>
<body>
  <div class='ocr_page' id='page_1' title='image "./operavirg00virguoft/operavirg00virguoft_0328.png"; bbox 0 0 1820 3080; ppageno 0'>
   <div class='ocr_carea' id='block_1_1' title="bbox 279 430 342 460">
    <p class='ocr_par' dir='ltr' id='par_1_1' title="bbox 279 430 342 460">
     <span class='ocr_line' id='line_1_1' title="bbox 279 430 342 460; baseline 0.032 -2"><span class='ocrx_word' id='word_1_1' title='bbox 279 430 342 460; x_wconf 77' lang='lat'>810</span> 
     </span>
    </p>
   </div>
   <div class='ocr_carea' id='block_1_2' title="bbox 276 732 339 761">
    <p class='ocr_par' dir='ltr' id='par_1_2' title="bbox 276 732 339 761">
     <span class='ocr_line' id='line_1_2' title="bbox 276 732 339 761; baseline 0.016 -1"><span class='ocrx_word' id='word_1_2' title='bbox 276 732 339 761; x_wconf 84' lang='lat'>815</span> 
     </span>
    </p>
   </div>
   <div class='ocr_carea' id='block_1_3' title="bbox 367 307 1302 348">
    <p class='ocr_par' dir='ltr' id='par_1_3' title="bbox 367 307 1302 348">
     <span class='ocr_line' id='line_1_3' title="bbox 367 307 1302 348; baseline -0.001 -1"><span class='ocrx_word' id='word_1_3' title='bbox 367 307 393 346; x_wconf 78' lang='grc'>2</span> <span class='ocrx_word' id='word_1_4' title='bbox 397 307 449 348; x_wconf 84' lang='grc'>96</span> <span class='ocrx_word' id='word_1_5' title='bbox 770 314 809 347; x_wconf 87' lang='lat' dir='ltr'>P.</span> <span class='ocrx_word' id='word_1_6' title='bbox 835 313 1061 348; x_wconf 86' lang='lat' dir='ltr'>VERGILII</span> <span class='ocrx_word' id='word_1_7' title='bbox 1079 311 1302 348; x_wconf 74' lang='lat' dir='ltr'>MAROMS</span> 
     </span>
    </p>
   </div>
   <div class='ocr_carea' id='block_1_4' title="bbox 363 412 1509 891">
    <p class='ocr_par' dir='ltr' id='par_1_4' title="bbox 363 412 1509 832">
     <span class='ocr_line' id='line_1_4' title="bbox 368 412 1431 469; baseline -0.003 -13"><span class='ocrx_word' id='word_1_8' title='bbox 368 430 474 469; x_wconf 91' lang='lat' dir='ltr'>„quo</span> <span class='ocrx_word' id='word_1_9' title='bbox 498 415 689 455; x_wconf 84' lang='lat' dir='ltr'>moriture</span> <span class='ocrx_word' id='word_1_10' title='bbox 712 414 814 462; x_wconf 83' lang='lat' dir='ltr'>ruis,</span> <span class='ocrx_word' id='word_1_11' title='bbox 839 413 1073 466; x_wconf 89' lang='lat' dir='ltr'>maioraque</span> <span class='ocrx_word' id='word_1_12' title='bbox 1097 412 1250 454; x_wconf 90' lang='lat' dir='ltr'>viribus</span> <span class='ocrx_word' id='word_1_13' title='bbox 1281 413 1431 454; x_wconf 81' lang='lat' dir='ltr'>audes?</span> 
     </span>
     <span class='ocr_line' id='line_1_5' title="bbox 365 473 1397 527; baseline -0.004 -10"><span class='ocrx_word' id='word_1_14' title='bbox 365 476 468 517; x_wconf 85' lang='lat' dir='ltr'>fallit</span> <span class='ocrx_word' id='word_1_15' title='bbox 491 482 530 516; x_wconf 89' lang='lat' dir='ltr'>te</span> <span class='ocrx_word' id='word_1_16' title='bbox 553 475 761 515; x_wconf 88' lang='lat' dir='ltr'>incautum</span> <span class='ocrx_word' id='word_1_17' title='bbox 785 474 914 527; x_wconf 87' lang='lat' dir='ltr'>pictas</span> <span class='ocrx_word' id='word_1_18' title='bbox 940 477 1048 514; x_wconf 88' lang='lat' dir='ltr'>tua.“</span> <span class='ocrx_word' id='word_1_19' title='bbox 1073 487 1149 514; x_wconf 91' lang='lat' dir='ltr'>nec</span> <span class='ocrx_word' id='word_1_20' title='bbox 1172 473 1306 514; x_wconf 88' lang='lat' dir='ltr'>minus</span> <span class='ocrx_word' id='word_1_21' title='bbox 1329 473 1397 514; x_wconf 90' lang='lat' dir='ltr'>ille</span> 
     </span>
     <span class='ocr_line' id='line_1_6' title="bbox 366 533 1359 587; baseline -0.001 -11"><span class='ocrx_word' id='word_1_22' title='bbox 366 536 541 576; x_wconf 80' lang='lat' dir='ltr'>exsultat</span> <span class='ocrx_word' id='word_1_23' title='bbox 564 535 749 583; x_wconf 87' lang='lat' dir='ltr'>demens,</span> <span class='ocrx_word' id='word_1_24' title='bbox 777 548 922 575; x_wconf 88' lang='lat' dir='ltr'>saevae</span> <span class='ocrx_word' id='word_1_25' title='bbox 946 534 1108 587; x_wconf 90' lang='lat' dir='ltr'>iamque</span> <span class='ocrx_word' id='word_1_26' title='bbox 1132 533 1252 575; x_wconf 88' lang='lat' dir='ltr'>altius</span> <span class='ocrx_word' id='word_1_27' title='bbox 1276 534 1359 575; x_wconf 85' lang='lat' dir='ltr'>irae</span> 
     </span>
     <span class='ocr_line' id='line_1_7' title="bbox 364 594 1426 649; baseline -0.001 -12"><span class='ocrx_word' id='word_1_28' title='bbox 364 595 576 637; x_wconf 88' lang='lat' dir='ltr'>Dardanio</span> <span class='ocrx_word' id='word_1_29' title='bbox 601 601 773 649; x_wconf 88' lang='lat' dir='ltr'>surgunt</span> <span class='ocrx_word' id='word_1_30' title='bbox 796 595 971 643; x_wconf 90' lang='lat' dir='ltr'>ductori,</span> <span class='ocrx_word' id='word_1_31' title='bbox 997 601 1259 648; x_wconf 85' lang='lat' dir='ltr'>extremaque</span> <span class='ocrx_word' id='word_1_32' title='bbox 1281 594 1426 636; x_wconf 83' lang='lat' dir='ltr'>Lauso</span> 
     </span>
     <span class='ocr_line' id='line_1_8' title="bbox 363 654 1509 711; baseline -0.001 -14"><span class='ocrx_word' id='word_1_33' title='bbox 363 657 517 697; x_wconf 91' lang='lat' dir='ltr'>Parcae</span> <span class='ocrx_word' id='word_1_34' title='bbox 540 654 610 696; x_wconf 90' lang='lat' dir='ltr'>fila</span> <span class='ocrx_word' id='word_1_35' title='bbox 631 654 790 709; x_wconf 88' lang='lat' dir='ltr'>legunt:</span> <span class='ocrx_word' id='word_1_36' title='bbox 816 655 997 696; x_wconf 89' lang='lat' dir='ltr'>validum</span> <span class='ocrx_word' id='word_1_37' title='bbox 1020 669 1196 708; x_wconf 91' lang='lat' dir='ltr'>namque</span> <span class='ocrx_word' id='word_1_38' title='bbox 1220 655 1346 711; x_wconf 83' lang='lat' dir='ltr'>exigit</span> <span class='ocrx_word' id='word_1_39' title='bbox 1369 670 1509 697; x_wconf 81' lang='lat' dir='ltr'>ensem</span> 
     </span>
     <span class='ocr_line' id='line_1_9' title="bbox 363 715 1506 772; baseline 0.001 -14"><span class='ocrx_word' id='word_1_40' title='bbox 363 732 435 772; x_wconf 90' lang='lat' dir='ltr'>per</span> <span class='ocrx_word' id='word_1_41' title='bbox 457 716 637 757; x_wconf 88' lang='lat' dir='ltr'>medium</span> <span class='ocrx_word' id='word_1_42' title='bbox 659 715 824 757; x_wconf 84' lang='lat' dir='ltr'><strong>Aeneas</strong></span> <span class='ocrx_word' id='word_1_43' title='bbox 849 716 1055 766; x_wconf 90' lang='lat' dir='ltr'>iuvenem,</span> <span class='ocrx_word' id='word_1_44' title='bbox 1081 723 1292 771; x_wconf 88' lang='lat' dir='ltr'>totumque</span> <span class='ocrx_word' id='word_1_45' title='bbox 1313 718 1506 759; x_wconf 77' lang='lat' dir='ltr'>recondit.</span> 
     </span>
     <span class='ocr_line' id='line_1_10' title="bbox 363 777 1429 832; baseline 0.001 -14"><span class='ocrx_word' id='word_1_46' title='bbox 363 777 506 819; x_wconf 81' lang='lat' dir='ltr'>transit</span> <span class='ocrx_word' id='word_1_47' title='bbox 530 784 569 819; x_wconf 91' lang='lat' dir='ltr'>et</span> <span class='ocrx_word' id='word_1_48' title='bbox 591 792 775 832; x_wconf 90' lang='lat' dir='ltr'>parmam</span> <span class='ocrx_word' id='word_1_49' title='bbox 798 792 957 827; x_wconf 87' lang='lat' dir='ltr'>mucro,</span> <span class='ocrx_word' id='word_1_50' title='bbox 981 778 1088 819; x_wconf 87' lang='lat' dir='ltr'>levia</span> <span class='ocrx_word' id='word_1_51' title='bbox 1111 793 1224 819; x_wconf 89' lang='lat' dir='ltr'>arma</span> <span class='ocrx_word' id='word_1_52' title='bbox 1244 778 1429 828; x_wconf 88' lang='lat' dir='ltr'>minacis,</span> 
     </span>
    </p>

    <p class='ocr_par' dir='ltr' id='par_1_5' title="bbox 363 837 1379 891">
     <span class='ocr_line' id='line_1_11' title="bbox 363 837 1379 891; baseline 0.001 -12"><span class='ocrx_word' id='word_1_53' title='bbox 363 845 404 879; x_wconf 90' lang='lat' dir='ltr'>et</span> <span class='ocrx_word' id='word_1_54' title='bbox 426 838 622 887; x_wconf 87' lang='lat' dir='ltr'>tunicam,</span> <span class='ocrx_word' id='word_1_55' title='bbox 648 837 757 879; x_wconf 89' lang='lat' dir='ltr'>molli</span> <span class='ocrx_word' id='word_1_56' title='bbox 782 845 910 879; x_wconf 88' lang='lat' dir='ltr'>mater</span> <span class='ocrx_word' id='word_1_57' title='bbox 933 853 1056 891; x_wconf 89' lang='lat' dir='ltr'>quam</span> <span class='ocrx_word' id='word_1_58' title='bbox 1079 845 1244 879; x_wconf 86' lang='lat' dir='ltr'>neverat</span> <span class='ocrx_word' id='word_1_59' title='bbox 1268 853 1379 888; x_wconf 88' lang='lat' dir='ltr'>auro,</span> 
     </span>
    </p>
   </div>
   <div class='ocr_carea' id='block_1_5' title="bbox 309 899 1435 954">
    <p class='ocr_par' dir='ltr' id='par_1_6' title="bbox 309 899 1435 954">
     <span class='ocr_line' id='line_1_12' title="bbox 309 899 1435 954; baseline -0.001 -13"><span class='ocrx_word' id='word_1_60' title='bbox 309 939 312 942; x_wconf 19' lang='grc' dir='ltr'><strong>Α</strong></span> <span class='ocrx_word' id='word_1_61' title='bbox 362 900 610 954; x_wconf 84' lang='lat' dir='ltr'>inplevitque</span> <span class='ocrx_word' id='word_1_62' title='bbox 636 899 768 940; x_wconf 88' lang='lat' dir='ltr'>sinum</span> <span class='ocrx_word' id='word_1_63' title='bbox 794 899 960 954; x_wconf 85' lang='lat' dir='ltr'>sanguis</span> <span class='ocrx_word' id='word_1_64' title='bbox 968 915 980 950; x_wconf 86' lang='lat'>3</span> <span class='ocrx_word' id='word_1_65' title='bbox 1005 905 1092 940; x_wconf 87' lang='lat' dir='ltr'>tum</span> <span class='ocrx_word' id='word_1_66' title='bbox 1115 899 1198 940; x_wconf 85' lang='lat' dir='ltr'>vita</span> <span class='ocrx_word' id='word_1_67' title='bbox 1221 914 1293 954; x_wconf 88' lang='lat' dir='ltr'>per</span> <span class='ocrx_word' id='word_1_68' title='bbox 1316 914 1435 940; x_wconf 87' lang='lat' dir='ltr'>auras</span> 
     </span>
    </p>
   </div>
   <div class='ocr_carea' id='block_1_6' title="bbox 275 1034 338 1064">
    <p class='ocr_par' dir='ltr' id='par_1_7' title="bbox 275 1034 338 1064">
     <span class='ocr_line' id='line_1_13' title="bbox 275 1034 338 1064; baseline 0.016 -1"><span class='ocrx_word' id='word_1_69' title='bbox 275 1034 338 1064; x_wconf 76' lang='lat'>820</span> 
     </span>
    </p>
   </div>
   <div class='ocr_carea' id='block_1_7' title="bbox 276 1339 339 1368">
    <p class='ocr_par' dir='ltr' id='par_1_8' title="bbox 276 1339 339 1368">
     <span class='ocr_line' id='line_1_14' title="bbox 276 1339 339 1368; baseline 0.016 -1"><span class='ocrx_word' id='word_1_70' title='bbox 276 1339 339 1368; x_wconf 68' lang='lat'>325</span> 
     </span>
    </p>
   </div>
   <div class='ocr_carea' id='block_1_8' title="bbox 276 1643 339 1671">
    <p class='ocr_par' dir='ltr' id='par_1_9' title="bbox 276 1643 339 1671">
     <span class='ocr_line' id='line_1_15' title="bbox 276 1643 339 1671; baseline 0 0"><span class='ocrx_word' id='word_1_71' title='bbox 276 1643 339 1671; x_wconf 71' lang='lat'>8:30</span> 
     </span>
    </p>
   </div>
   <div class='ocr_carea' id='block_1_9' title="bbox 277 1946 341 1976">
    <p class='ocr_par' dir='ltr' id='par_1_10' title="bbox 277 1946 341 1976">
     <span class='ocr_line' id='line_1_16' title="bbox 277 1946 341 1976; baseline 0.016 -1"><span class='ocrx_word' id='word_1_72' title='bbox 277 1946 341 1976; x_wconf 73' lang='lat'>835</span> 
     </span>
    </p>
   </div>
   <div class='ocr_carea' id='block_1_10' title="bbox 276 2249 340 2279">
    <p class='ocr_par' dir='ltr' id='par_1_11' title="bbox 276 2249 340 2279">
     <span class='ocr_line' id='line_1_17' title="bbox 276 2249 340 2279; baseline 0 0"><span class='ocrx_word' id='word_1_73' title='bbox 276 2249 340 2279; x_wconf 71' lang='lat'>840</span> 
     </span>
    </p>
   </div>
   <div class='ocr_carea' id='block_1_11' title="bbox 277 2553 340 2583">
    <p class='ocr_par' dir='ltr' id='par_1_12' title="bbox 277 2553 340 2583">
     <span class='ocr_line' id='line_1_18' title="bbox 277 2553 340 2583; baseline 0.016 -1"><span class='ocrx_word' id='word_1_74' title='bbox 277 2553 340 2583; x_wconf 78' lang='lat'>845</span> 
     </span>
    </p>
   </div>
   <div class='ocr_carea' id='block_1_12' title="bbox 362 961 1567 2773">
    <p class='ocr_par' dir='ltr' id='par_1_13' title="bbox 362 961 1567 2773">
     <span class='ocr_line' id='line_1_19' title="bbox 363 961 1423 1016; baseline 0 -15"><span class='ocrx_word' id='word_1_75' title='bbox 363 961 565 1002; x_wconf 79' lang='lat' dir='ltr'>concessit</span> <span class='ocrx_word' id='word_1_76' title='bbox 587 969 744 1001; x_wconf 85' lang='lat' dir='ltr'>maesta</span> <span class='ocrx_word' id='word_1_77' title='bbox 768 962 820 1001; x_wconf 87' lang='lat' dir='ltr'>ad</span> <span class='ocrx_word' id='word_1_78' title='bbox 844 961 975 1002; x_wconf 88' lang='lat' dir='ltr'>manis</span> <span class='ocrx_word' id='word_1_79' title='bbox 1000 975 1227 1016; x_wconf 85' lang='lat' dir='ltr'>corpusque</span> <span class='ocrx_word' id='word_1_80' title='bbox 1251 961 1423 1015; x_wconf 86' lang='lat' dir='ltr'>reliquit.</span> 
     </span>
     <span class='ocr_line' id='line_1_20' title="bbox 363 1021 1294 1070; baseline 0 -8"><span class='ocrx_word' id='word_1_81' title='bbox 363 1030 403 1062; x_wconf 88' lang='lat' dir='ltr'>at</span> <span class='ocrx_word' id='word_1_82' title='bbox 427 1036 523 1062; x_wconf 86' lang='lat' dir='ltr'>vero</span> <span class='ocrx_word' id='word_1_83' title='bbox 547 1027 593 1062; x_wconf 90' lang='lat' dir='ltr'>ut</span> <span class='ocrx_word' id='word_1_84' title='bbox 615 1021 770 1062; x_wconf 88' lang='lat' dir='ltr'>voltum</span> <span class='ocrx_word' id='word_1_85' title='bbox 794 1022 895 1062; x_wconf 89' lang='lat' dir='ltr'>vidit</span> <span class='ocrx_word' id='word_1_86' title='bbox 917 1022 1125 1063; x_wconf 85' lang='lat' dir='ltr'>morientis</span> <span class='ocrx_word' id='word_1_87' title='bbox 1150 1028 1187 1062; x_wconf 86' lang='lat' dir='ltr'>et</span> <span class='ocrx_word' id='word_1_88' title='bbox 1212 1036 1294 1070; x_wconf 88' lang='lat' dir='ltr'>ora,</span> 
     </span>
     <span class='ocr_line' id='line_1_21' title="bbox 364 1081 1248 1136; baseline 0 -14"><span class='ocrx_word' id='word_1_89' title='bbox 364 1098 434 1123; x_wconf 90' lang='lat' dir='ltr'>ora</span> <span class='ocrx_word' id='word_1_90' title='bbox 458 1082 588 1122; x_wconf 87' lang='lat' dir='ltr'>modis</span> <span class='ocrx_word' id='word_1_91' title='bbox 614 1081 885 1122; x_wconf 80' lang='lat' dir='ltr'>Anchisiades</span> <span class='ocrx_word' id='word_1_92' title='bbox 909 1082 1102 1136; x_wconf 84' lang='lat' dir='ltr'>pallentia</span> <span class='ocrx_word' id='word_1_93' title='bbox 1124 1082 1248 1131; x_wconf 86' lang='lat' dir='ltr'>miris,</span> 
     </span>
     <span class='ocr_line' id='line_1_22' title="bbox 362 1142 1494 1197; baseline 0 -14"><span class='ocrx_word' id='word_1_94' title='bbox 362 1143 561 1197; x_wconf 84' lang='lat' dir='ltr'>ingemuit</span> <span class='ocrx_word' id='word_1_95' title='bbox 583 1142 761 1197; x_wconf 87' lang='lat' dir='ltr'>graviter</span> <span class='ocrx_word' id='word_1_96' title='bbox 783 1143 999 1192; x_wconf 87' lang='lat' dir='ltr'>miserans,</span> <span class='ocrx_word' id='word_1_97' title='bbox 1025 1143 1288 1195; x_wconf 80' lang='lat' dir='ltr'>dextramque</span> <span class='ocrx_word' id='word_1_98' title='bbox 1314 1143 1494 1192; x_wconf 87' lang='lat' dir='ltr'>tetendit,</span> 
     </span>
     <span class='ocr_line' id='line_1_23' title="bbox 363 1203 1283 1258; baseline 0 -14"><span class='ocrx_word' id='word_1_99' title='bbox 363 1211 403 1244; x_wconf 92' lang='lat' dir='ltr'>et</span> <span class='ocrx_word' id='word_1_100' title='bbox 426 1210 603 1244; x_wconf 87' lang='lat' dir='ltr'>mentem</span> <span class='ocrx_word' id='word_1_101' title='bbox 626 1203 779 1257; x_wconf 83' lang='lat' dir='ltr'>patriae</span> <span class='ocrx_word' id='word_1_102' title='bbox 804 1203 928 1245; x_wconf 85' lang='lat' dir='ltr'>subiit</span> <span class='ocrx_word' id='word_1_103' title='bbox 949 1204 1111 1258; x_wconf 84' lang='lat' dir='ltr'>pietatis</span> <span class='ocrx_word' id='word_1_104' title='bbox 1135 1204 1283 1258; x_wconf 81' lang='lat' dir='ltr'>imago.</span> 
     </span>
     <span class='ocr_line' id='line_1_24' title="bbox 367 1264 1567 1318; baseline 0 -14"><span class='ocrx_word' id='word_1_105' title='bbox 367 1264 489 1317; x_wconf 90' lang='lat' dir='ltr'>„quid</span> <span class='ocrx_word' id='word_1_106' title='bbox 513 1264 585 1305; x_wconf 85' lang='lat' dir='ltr'>tibi</span> <span class='ocrx_word' id='word_1_107' title='bbox 609 1278 734 1313; x_wconf 89' lang='lat' dir='ltr'>nunc,</span> <span class='ocrx_word' id='word_1_108' title='bbox 760 1264 988 1305; x_wconf 87' lang='lat' dir='ltr'>miserande</span> <span class='ocrx_word' id='word_1_109' title='bbox 1011 1278 1131 1318; x_wconf 90' lang='lat' dir='ltr'>puer,</span> <span class='ocrx_word' id='word_1_110' title='bbox 1154 1278 1229 1318; x_wconf 92' lang='lat' dir='ltr'>pro</span> <span class='ocrx_word' id='word_1_111' title='bbox 1251 1264 1440 1305; x_wconf 86' lang='lat' dir='ltr'>laudibus</span> <span class='ocrx_word' id='word_1_112' title='bbox 1465 1264 1567 1312; x_wconf 88' lang='lat' dir='ltr'>istis,</span> 
     </span>
     <span class='ocr_line' id='line_1_25' title="bbox 364 1322 1415 1380; baseline 0.001 -16"><span class='ocrx_word' id='word_1_113' title='bbox 364 1325 461 1377; x_wconf 87' lang='lat' dir='ltr'>quid</span> <span class='ocrx_word' id='word_1_114' title='bbox 485 1324 576 1378; x_wconf 88' lang='lat' dir='ltr'>pius</span> <span class='ocrx_word' id='word_1_115' title='bbox 601 1322 766 1364; x_wconf 86' lang='lat' dir='ltr'>Aeneas</span> <span class='ocrx_word' id='word_1_116' title='bbox 792 1330 904 1364; x_wconf 89' lang='lat' dir='ltr'>tanta</span> <span class='ocrx_word' id='word_1_117' title='bbox 927 1324 1039 1365; x_wconf 91' lang='lat' dir='ltr'>dabit</span> <span class='ocrx_word' id='word_1_118' title='bbox 1062 1324 1197 1365; x_wconf 88' lang='lat' dir='ltr'>indole</span> <span class='ocrx_word' id='word_1_119' title='bbox 1221 1324 1415 1380; x_wconf 84' lang='lat' dir='ltr'>dignum?</span> 
     </span>
     <span class='ocr_line' id='line_1_26' title="bbox 363 1384 1509 1439; baseline -0.001 -14"><span class='ocrx_word' id='word_1_120' title='bbox 363 1401 493 1433; x_wconf 84' lang='lat' dir='ltr'>arma,</span> <span class='ocrx_word' id='word_1_121' title='bbox 519 1384 667 1437; x_wconf 90' lang='lat' dir='ltr'>quibus</span> <span class='ocrx_word' id='word_1_122' title='bbox 692 1384 883 1433; x_wconf 86' lang='lat' dir='ltr'>laetatus,</span> <span class='ocrx_word' id='word_1_123' title='bbox 908 1384 1014 1425; x_wconf 89' lang='lat' dir='ltr'>habe</span> <span class='ocrx_word' id='word_1_124' title='bbox 1038 1390 1126 1435; x_wconf 91' lang='lat' dir='ltr'>tua;</span> <span class='ocrx_word' id='word_1_125' title='bbox 1152 1391 1271 1438; x_wconf 88' lang='lat' dir='ltr'>teque</span> <span class='ocrx_word' id='word_1_126' title='bbox 1295 1390 1509 1439; x_wconf 89' lang='lat' dir='ltr'>parentum</span> 
     </span>
     <span class='ocr_line' id='line_1_27' title="bbox 363 1445 1417 1498; baseline 0 -12"><span class='ocrx_word' id='word_1_127' title='bbox 363 1445 550 1486; x_wconf 81' lang='lat' dir='ltr'>manibus</span> <span class='ocrx_word' id='word_1_128' title='bbox 577 1451 616 1486; x_wconf 90' lang='lat' dir='ltr'>et</span> <span class='ocrx_word' id='word_1_129' title='bbox 640 1445 781 1494; x_wconf 85' lang='lat' dir='ltr'>cineri,</span> <span class='ocrx_word' id='word_1_130' title='bbox 808 1445 925 1498; x_wconf 91' lang='lat' dir='ltr'>siqua</span> <span class='ocrx_word' id='word_1_131' title='bbox 949 1451 1011 1486; x_wconf 87' lang='lat' dir='ltr'>est</span> <span class='ocrx_word' id='word_1_132' title='bbox 1034 1460 1083 1486; x_wconf 88' lang='lat' dir='ltr'>ea</span> <span class='ocrx_word' id='word_1_133' title='bbox 1106 1459 1219 1495; x_wconf 89' lang='lat' dir='ltr'>cura,</span> <span class='ocrx_word' id='word_1_134' title='bbox 1244 1445 1417 1486; x_wconf 88' lang='lat' dir='ltr'>remitto.</span> 
     </span>
     <span class='ocr_line' id='line_1_28' title="bbox 362 1505 1399 1547; baseline 0.001 -1"><span class='ocrx_word' id='word_1_135' title='bbox 362 1507 440 1547; x_wconf 91' lang='lat' dir='ltr'>hoe</span> <span class='ocrx_word' id='word_1_136' title='bbox 465 1512 600 1546; x_wconf 91' lang='lat' dir='ltr'>tamen</span> <span class='ocrx_word' id='word_1_137' title='bbox 623 1505 766 1547; x_wconf 86' lang='lat' dir='ltr'>infelix</span> <span class='ocrx_word' id='word_1_138' title='bbox 790 1506 978 1546; x_wconf 84' lang='lat' dir='ltr'>miseram</span> <span class='ocrx_word' id='word_1_139' title='bbox 1005 1506 1187 1547; x_wconf 86' lang='lat' dir='ltr'>solabere</span> <span class='ocrx_word' id='word_1_140' title='bbox 1211 1515 1399 1547; x_wconf 90' lang='lat' dir='ltr'>mortem:</span> 
     </span>
     <span class='ocr_line' id='line_1_29' title="bbox 367 1566 1375 1622; baseline 0 -14"><span class='ocrx_word' id='word_1_141' title='bbox 367 1569 535 1608; x_wconf 89' lang='lat' dir='ltr'>Aeneae</span> <span class='ocrx_word' id='word_1_142' title='bbox 559 1566 698 1622; x_wconf 87' lang='lat' dir='ltr'>magni</span> <span class='ocrx_word' id='word_1_143' title='bbox 721 1567 864 1608; x_wconf 85' lang='lat' dir='ltr'>dextra</span> <span class='ocrx_word' id='word_1_144' title='bbox 888 1568 1039 1608; x_wconf 85' lang='lat' dir='ltr'>cadis.“</span> <span class='ocrx_word' id='word_1_145' title='bbox 1065 1568 1246 1622; x_wconf 82' lang='lat' dir='ltr'>increpat</span> <span class='ocrx_word' id='word_1_146' title='bbox 1270 1568 1375 1608; x_wconf 83' lang='lat' dir='ltr'>ultro</span> 
     </span>
     <span class='ocr_line' id='line_1_30' title="bbox 364 1628 1321 1683; baseline 0.001 -14"><span class='ocrx_word' id='word_1_147' title='bbox 364 1628 590 1670; x_wconf 84' lang='lat' dir='ltr'>cunctantis</span> <span class='ocrx_word' id='word_1_148' title='bbox 616 1628 746 1670; x_wconf 88' lang='lat' dir='ltr'>socios</span> <span class='ocrx_word' id='word_1_149' title='bbox 771 1635 812 1669; x_wconf 90' lang='lat' dir='ltr'>et</span> <span class='ocrx_word' id='word_1_150' title='bbox 836 1636 941 1670; x_wconf 87' lang='lat' dir='ltr'>terra</span> <span class='ocrx_word' id='word_1_151' title='bbox 965 1629 1151 1670; x_wconf 87' lang='lat' dir='ltr'>sublevat</span> <span class='ocrx_word' id='word_1_152' title='bbox 1175 1630 1321 1683; x_wconf 87' lang='lat' dir='ltr'>ipsum,</span> 
     </span>
     <span class='ocr_line' id='line_1_31' title="bbox 364 1690 1440 1745; baseline 0.002 -15"><span class='ocrx_word' id='word_1_153' title='bbox 364 1690 562 1745; x_wconf 88' lang='lat' dir='ltr'>sanguine</span> <span class='ocrx_word' id='word_1_154' title='bbox 586 1696 817 1744; x_wconf 90' lang='lat' dir='ltr'>turpantem</span> <span class='ocrx_word' id='word_1_155' title='bbox 841 1697 1024 1745; x_wconf 89' lang='lat' dir='ltr'>comptos</span> <span class='ocrx_word' id='word_1_156' title='bbox 1050 1691 1101 1732; x_wconf 89' lang='lat' dir='ltr'>de</span> <span class='ocrx_word' id='word_1_157' title='bbox 1124 1705 1235 1732; x_wconf 86' lang='lat' dir='ltr'>more</span> <span class='ocrx_word' id='word_1_158' title='bbox 1259 1691 1440 1745; x_wconf 84' lang='lat' dir='ltr'>capillos.</span> 
     </span>
     <span class='ocr_line' id='line_1_32' title="bbox 419 1751 1419 1805; baseline 0.001 -14"><span class='ocrx_word' id='word_1_159' title='bbox 419 1751 580 1791; x_wconf 87' lang='lat' dir='ltr'>Interea</span> <span class='ocrx_word' id='word_1_160' title='bbox 602 1751 762 1805; x_wconf 88' lang='lat' dir='ltr'>genitor</span> <span class='ocrx_word' id='word_1_161' title='bbox 785 1751 968 1793; x_wconf 86' lang='lat' dir='ltr'>Tiberini</span> <span class='ocrx_word' id='word_1_162' title='bbox 991 1752 1043 1793; x_wconf 87' lang='lat' dir='ltr'>ad</span> <span class='ocrx_word' id='word_1_163' title='bbox 1066 1751 1242 1793; x_wconf 87' lang='lat' dir='ltr'>fluminis</span> <span class='ocrx_word' id='word_1_164' title='bbox 1266 1752 1419 1792; x_wconf 90' lang='lat' dir='ltr'>undam</span> 
     </span>
     <span class='ocr_line' id='line_1_33' title="bbox 363 1811 1393 1867; baseline 0.002 -15"><span class='ocrx_word' id='word_1_165' title='bbox 363 1812 530 1853; x_wconf 87' lang='lat' dir='ltr'>volnera</span> <span class='ocrx_word' id='word_1_166' title='bbox 554 1811 734 1853; x_wconf 86' lang='lat' dir='ltr'>siccabat</span> <span class='ocrx_word' id='word_1_167' title='bbox 754 1811 951 1867; x_wconf 89' lang='lat' dir='ltr'>lymphis,</span> <span class='ocrx_word' id='word_1_168' title='bbox 978 1827 1207 1867; x_wconf 86' lang='lat' dir='ltr'>corpusque</span> <span class='ocrx_word' id='word_1_169' title='bbox 1230 1811 1393 1854; x_wconf 86' lang='lat' dir='ltr'>levabat</span> 
     </span>
     <span class='ocr_line' id='line_1_34' title="bbox 364 1872 1345 1927; baseline 0.001 -14"><span class='ocrx_word' id='word_1_170' title='bbox 364 1872 517 1913; x_wconf 84' lang='lat' dir='ltr'>arboris</span> <span class='ocrx_word' id='word_1_171' title='bbox 543 1872 712 1913; x_wconf 86' lang='lat' dir='ltr'>adclinis</span> <span class='ocrx_word' id='word_1_172' title='bbox 737 1878 892 1914; x_wconf 90' lang='lat' dir='ltr'>trunco.</span> <span class='ocrx_word' id='word_1_173' title='bbox 916 1874 1058 1927; x_wconf 91' lang='lat' dir='ltr'>procul</span> <span class='ocrx_word' id='word_1_174' title='bbox 1082 1888 1200 1914; x_wconf 85' lang='lat' dir='ltr'>aerea</span> <span class='ocrx_word' id='word_1_175' title='bbox 1222 1874 1345 1914; x_wconf 87' lang='lat' dir='ltr'>ramis</span> 
     </span>
     <span class='ocr_line' id='line_1_35' title="bbox 366 1932 1462 1989; baseline 0.002 -16"><span class='ocrx_word' id='word_1_176' title='bbox 366 1933 568 1988; x_wconf 90' lang='lat' dir='ltr'>dependet</span> <span class='ocrx_word' id='word_1_177' title='bbox 591 1932 709 1988; x_wconf 86' lang='lat' dir='ltr'>galea</span> <span class='ocrx_word' id='word_1_178' title='bbox 733 1939 772 1974; x_wconf 92' lang='lat' dir='ltr'>et</span> <span class='ocrx_word' id='word_1_179' title='bbox 794 1940 911 1987; x_wconf 89' lang='lat' dir='ltr'>prato</span> <span class='ocrx_word' id='word_1_180' title='bbox 934 1935 1076 1989; x_wconf 86' lang='lat' dir='ltr'>gravia</span> <span class='ocrx_word' id='word_1_181' title='bbox 1100 1949 1212 1975; x_wconf 86' lang='lat' dir='ltr'>arma</span> <span class='ocrx_word' id='word_1_182' title='bbox 1235 1934 1462 1988; x_wconf 86' lang='lat' dir='ltr'>quiescunt.</span> 
     </span>
     <span class='ocr_line' id='line_1_36' title="bbox 366 1993 1473 2050; baseline 0.001 -16"><span class='ocrx_word' id='word_1_183' title='bbox 366 2000 473 2034; x_wconf 90' lang='lat' dir='ltr'>stant</span> <span class='ocrx_word' id='word_1_184' title='bbox 495 1994 590 2034; x_wconf 90' lang='lat' dir='ltr'>lecti</span> <span class='ocrx_word' id='word_1_185' title='bbox 613 1993 765 2034; x_wconf 86' lang='lat' dir='ltr'>circum</span> <span class='ocrx_word' id='word_1_186' title='bbox 787 1993 974 2043; x_wconf 89' lang='lat' dir='ltr'>iuvenes,</span> <span class='ocrx_word' id='word_1_187' title='bbox 999 1995 1088 2049; x_wconf 89' lang='lat' dir='ltr'>ipse</span> <span class='ocrx_word' id='word_1_188' title='bbox 1112 2009 1252 2050; x_wconf 89' lang='lat' dir='ltr'>aeger,</span> <span class='ocrx_word' id='word_1_189' title='bbox 1279 1995 1473 2036; x_wconf 84' lang='lat' dir='ltr'>anhelans</span> 
     </span>
     <span class='ocr_line' id='line_1_37' title="bbox 365 2053 1472 2109; baseline 0 -15"><span class='ocrx_word' id='word_1_190' title='bbox 365 2054 469 2095; x_wconf 86' lang='lat' dir='ltr'>colla</span> <span class='ocrx_word' id='word_1_191' title='bbox 491 2054 621 2103; x_wconf 88' lang='lat' dir='ltr'>fovet,</span> <span class='ocrx_word' id='word_1_192' title='bbox 646 2053 764 2095; x_wconf 85' lang='lat' dir='ltr'>fusus</span> <span class='ocrx_word' id='word_1_193' title='bbox 788 2068 1010 2108; x_wconf 87' lang='lat' dir='ltr'>propexam</span> <span class='ocrx_word' id='word_1_194' title='bbox 1033 2054 1076 2095; x_wconf 90' lang='lat' dir='ltr'>in</span> <span class='ocrx_word' id='word_1_195' title='bbox 1099 2061 1260 2109; x_wconf 84' lang='lat' dir='ltr'>pectore</span> <span class='ocrx_word' id='word_1_196' title='bbox 1284 2054 1472 2103; x_wconf 83' lang='lat' dir='ltr'>barbam3</span> 
     </span>
     <span class='ocr_line' id='line_1_38' title="bbox 364 2115 1471 2170; baseline 0 -15"><span class='ocrx_word' id='word_1_197' title='bbox 364 2115 492 2156; x_wconf 89' lang='lat' dir='ltr'>multa</span> <span class='ocrx_word' id='word_1_198' title='bbox 515 2129 636 2168; x_wconf 88' lang='lat' dir='ltr'>super</span> <span class='ocrx_word' id='word_1_199' title='bbox 658 2115 801 2156; x_wconf 88' lang='lat' dir='ltr'>Lauso</span> <span class='ocrx_word' id='word_1_200' title='bbox 824 2115 990 2170; x_wconf 81' lang='lat' dir='ltr'>rogitat,</span> <span class='ocrx_word' id='word_1_201' title='bbox 1016 2115 1269 2168; x_wconf 89' lang='lat' dir='ltr'>multumque</span> <span class='ocrx_word' id='word_1_202' title='bbox 1293 2115 1471 2163; x_wconf 89' lang='lat' dir='ltr'>remittit,</span> 
     </span>
     <span class='ocr_line' id='line_1_39' title="bbox 364 2175 1499 2230; baseline 0.001 -14"><span class='ocrx_word' id='word_1_203' title='bbox 364 2175 435 2229; x_wconf 91' lang='lat' dir='ltr'>qui</span> <span class='ocrx_word' id='word_1_204' title='bbox 457 2181 664 2225; x_wconf 87' lang='lat' dir='ltr'>revocent,</span> <span class='ocrx_word' id='word_1_205' title='bbox 690 2176 916 2229; x_wconf 87' lang='lat' dir='ltr'>maestique</span> <span class='ocrx_word' id='word_1_206' title='bbox 939 2176 1072 2217; x_wconf 86' lang='lat' dir='ltr'>ferant</span> <span class='ocrx_word' id='word_1_207' title='bbox 1094 2177 1286 2217; x_wconf 84' lang='lat' dir='ltr'>mandata</span> <span class='ocrx_word' id='word_1_208' title='bbox 1308 2176 1499 2230; x_wconf 86' lang='lat' dir='ltr'>parentis.</span> 
     </span>
     <span class='ocr_line' id='line_1_40' title="bbox 364 2236 1481 2291; baseline 0 -15"><span class='ocrx_word' id='word_1_209' title='bbox 364 2243 406 2277; x_wconf 92' lang='lat' dir='ltr'>at</span> <span class='ocrx_word' id='word_1_210' title='bbox 428 2236 617 2277; x_wconf 89' lang='lat' dir='ltr'>Lausum</span> <span class='ocrx_word' id='word_1_211' title='bbox 641 2236 741 2277; x_wconf 87' lang='lat' dir='ltr'>socii</span> <span class='ocrx_word' id='word_1_212' title='bbox 764 2237 991 2278; x_wconf 89' lang='lat' dir='ltr'>exanimem</span> <span class='ocrx_word' id='word_1_213' title='bbox 1016 2251 1137 2291; x_wconf 89' lang='lat' dir='ltr'>super</span> <span class='ocrx_word' id='word_1_214' title='bbox 1161 2252 1274 2278; x_wconf 86' lang='lat' dir='ltr'>arma</span> <span class='ocrx_word' id='word_1_215' title='bbox 1296 2236 1481 2278; x_wconf 88' lang='lat' dir='ltr'>ferebant</span> 
     </span>
     <span class='ocr_line' id='line_1_41' title="bbox 363 2297 1458 2353; baseline 0 -16"><span class='ocrx_word' id='word_1_216' title='bbox 363 2297 526 2347; x_wconf 83' lang='lat' dir='ltr'>flentes,</span> <span class='ocrx_word' id='word_1_217' title='bbox 551 2297 758 2352; x_wconf 87' lang='lat' dir='ltr'>ingentem</span> <span class='ocrx_word' id='word_1_218' title='bbox 782 2303 904 2350; x_wconf 89' lang='lat' dir='ltr'>atque</span> <span class='ocrx_word' id='word_1_219' title='bbox 927 2298 1083 2353; x_wconf 86' lang='lat' dir='ltr'>ingenti</span> <span class='ocrx_word' id='word_1_220' title='bbox 1105 2298 1270 2340; x_wconf 89' lang='lat' dir='ltr'>volnere</span> <span class='ocrx_word' id='word_1_221' title='bbox 1293 2297 1458 2338; x_wconf 88' lang='lat' dir='ltr'>victum.</span> 
     </span>
     <span class='ocr_line' id='line_1_42' title="bbox 364 2358 1418 2415; baseline 0 -16"><span class='ocrx_word' id='word_1_222' title='bbox 364 2358 559 2413; x_wconf 85' lang='lat' dir='ltr'>adgnovit</span> <span class='ocrx_word' id='word_1_223' title='bbox 581 2358 703 2413; x_wconf 86' lang='lat' dir='ltr'>longe</span> <span class='ocrx_word' id='word_1_224' title='bbox 727 2359 924 2413; x_wconf 91' lang='lat' dir='ltr'>gemitum</span> <span class='ocrx_word' id='word_1_225' title='bbox 947 2373 1148 2415; x_wconf 87' lang='lat' dir='ltr'>praesaga</span> <span class='ocrx_word' id='word_1_226' title='bbox 1171 2359 1267 2400; x_wconf 90' lang='lat' dir='ltr'>mali</span> <span class='ocrx_word' id='word_1_227' title='bbox 1290 2373 1418 2400; x_wconf 90' lang='lat' dir='ltr'>mens.</span> 
     </span>
     <span class='ocr_line' id='line_1_43' title="bbox 365 2419 1348 2475; baseline 0.001 -15"><span class='ocrx_word' id='word_1_228' title='bbox 365 2419 551 2460; x_wconf 90' lang='lat' dir='ltr'>canitiem</span> <span class='ocrx_word' id='word_1_229' title='bbox 577 2419 704 2460; x_wconf 89' lang='lat' dir='ltr'>multo</span> <span class='ocrx_word' id='word_1_230' title='bbox 729 2419 930 2461; x_wconf 87' lang='lat' dir='ltr'>deformat</span> <span class='ocrx_word' id='word_1_231' title='bbox 952 2420 1120 2475; x_wconf 87' lang='lat' dir='ltr'>pulvere</span> <span class='ocrx_word' id='word_1_232' title='bbox 1144 2426 1184 2462; x_wconf 90' lang='lat' dir='ltr'>et</span> <span class='ocrx_word' id='word_1_233' title='bbox 1207 2419 1348 2461; x_wconf 87' lang='lat' dir='ltr'>ambas</span> 
     </span>
     <span class='ocr_line' id='line_1_44' title="bbox 364 2480 1401 2536; baseline 0 -15"><span class='ocrx_word' id='word_1_234' title='bbox 364 2481 417 2521; x_wconf 87' lang='lat' dir='ltr'>ad</span> <span class='ocrx_word' id='word_1_235' title='bbox 440 2480 598 2521; x_wconf 90' lang='lat' dir='ltr'>caelum</span> <span class='ocrx_word' id='word_1_236' title='bbox 621 2480 749 2521; x_wconf 90' lang='lat' dir='ltr'>tendit</span> <span class='ocrx_word' id='word_1_237' title='bbox 772 2480 930 2535; x_wconf 87' lang='lat' dir='ltr'>palmas</span> <span class='ocrx_word' id='word_1_238' title='bbox 955 2488 994 2522; x_wconf 91' lang='lat' dir='ltr'>et</span> <span class='ocrx_word' id='word_1_239' title='bbox 1018 2495 1185 2536; x_wconf 87' lang='lat' dir='ltr'>corpore</span> <span class='ocrx_word' id='word_1_240' title='bbox 1208 2480 1401 2522; x_wconf 86' lang='lat' dir='ltr'>inhaeret.</span> 
     </span>
     <span class='ocr_line' id='line_1_45' title="bbox 366 2541 1362 2596; baseline 0.001 -15"><span class='ocrx_word' id='word_1_241' title='bbox 366 2547 555 2591; x_wconf 86' lang='lat' dir='ltr'>„tantane</span> <span class='ocrx_word' id='word_1_242' title='bbox 579 2555 644 2582; x_wconf 92' lang='lat' dir='ltr'>me</span> <span class='ocrx_word' id='word_1_243' title='bbox 668 2541 798 2582; x_wconf 89' lang='lat' dir='ltr'>tenuit</span> <span class='ocrx_word' id='word_1_244' title='bbox 820 2541 1000 2591; x_wconf 91' lang='lat' dir='ltr'>vivendi,</span> <span class='ocrx_word' id='word_1_245' title='bbox 1025 2548 1138 2592; x_wconf 89' lang='lat' dir='ltr'>nate,</span> <span class='ocrx_word' id='word_1_246' title='bbox 1162 2541 1362 2596; x_wconf 89' lang='lat' dir='ltr'>voluptas,</span> 
     </span>
     <span class='ocr_line' id='line_1_46' title="bbox 364 2601 1379 2656; baseline 0.003 -15"><span class='ocrx_word' id='word_1_247' title='bbox 364 2608 408 2641; x_wconf 93' lang='lat' dir='ltr'>ut</span> <span class='ocrx_word' id='word_1_248' title='bbox 430 2616 505 2656; x_wconf 86' lang='lat' dir='ltr'>pro</span> <span class='ocrx_word' id='word_1_249' title='bbox 529 2617 595 2644; x_wconf 87' lang='lat' dir='ltr'>me</span> <span class='ocrx_word' id='word_1_250' title='bbox 617 2601 754 2643; x_wconf 86' lang='lat' dir='ltr'>hostili</span> <span class='ocrx_word' id='word_1_251' title='bbox 777 2608 936 2656; x_wconf 89' lang='lat' dir='ltr'>paterer</span> <span class='ocrx_word' id='word_1_252' title='bbox 960 2603 1176 2644; x_wconf 87' lang='lat' dir='ltr'>succedere</span> <span class='ocrx_word' id='word_1_253' title='bbox 1200 2603 1379 2651; x_wconf 85' lang='lat' dir='ltr'>dextrae,</span> 
     </span>
     <span class='ocr_line' id='line_1_47' title="bbox 367 2662 1564 2719; baseline -0.001 -17"><span class='ocrx_word' id='word_1_254' title='bbox 367 2675 486 2714; x_wconf 83' lang='lat' dir='ltr'>quem</span> <span class='ocrx_word' id='word_1_255' title='bbox 508 2662 658 2717; x_wconf 84' lang='lat' dir='ltr'>genui?</span> <span class='ocrx_word' id='word_1_256' title='bbox 681 2669 802 2703; x_wconf 87' lang='lat' dir='ltr'>tuane</span> <span class='ocrx_word' id='word_1_257' title='bbox 827 2663 927 2704; x_wconf 88' lang='lat' dir='ltr'>haec</span> <span class='ocrx_word' id='word_1_258' title='bbox 951 2664 1110 2719; x_wconf 85' lang='lat' dir='ltr'>genitor</span> <span class='ocrx_word' id='word_1_259' title='bbox 1132 2678 1205 2718; x_wconf 87' lang='lat' dir='ltr'>per</span> <span class='ocrx_word' id='word_1_260' title='bbox 1227 2663 1392 2704; x_wconf 86' lang='lat' dir='ltr'>volnera</span> <span class='ocrx_word' id='word_1_261' title='bbox 1416 2676 1564 2709; x_wconf 90' lang='lat' dir='ltr'>servor,</span> 
     </span>
     <span class='ocr_line' id='line_1_48' title="bbox 365 2723 1511 2773; baseline 0 -11"><span class='ocrx_word' id='word_1_262' title='bbox 365 2729 492 2763; x_wconf 89' lang='lat' dir='ltr'>morte</span> <span class='ocrx_word' id='word_1_263' title='bbox 517 2728 586 2763; x_wconf 85' lang='lat' dir='ltr'>tua</span> <span class='ocrx_word' id='word_1_264' title='bbox 609 2723 776 2764; x_wconf 77' lang='lat' dir='ltr'>vivens?</span> <span class='ocrx_word' id='word_1_265' title='bbox 799 2723 896 2773; x_wconf 89' lang='lat' dir='ltr'>heu,</span> <span class='ocrx_word' id='word_1_266' title='bbox 922 2739 1030 2765; x_wconf 90' lang='lat' dir='ltr'>nunc</span> <span class='ocrx_word' id='word_1_267' title='bbox 1053 2725 1201 2766; x_wconf 86' lang='lat' dir='ltr'>misero</span> <span class='ocrx_word' id='word_1_268' title='bbox 1225 2723 1324 2764; x_wconf 88' lang='lat' dir='ltr'>mihi</span> <span class='ocrx_word' id='word_1_269' title='bbox 1347 2724 1511 2764; x_wconf 90' lang='lat' dir='ltr'>demum</span> 
     </span>
    </p>
   </div>
  </div>
 </body>
</html>
