<?xml version="1.0" encoding="UTF-8"?>
<!DOCTYPE html PUBLIC "-//W3C//DTD XHTML 1.0 Transitional//EN"
    "http://www.w3.org/TR/xhtml1/DTD/xhtml1-transitional.dtd">
<html xmlns="http://www.w3.org/1999/xhtml" xml:lang="en" lang="en">
 <head>
  <title>
</title>
<meta http-equiv="Content-Type" content="text/html;charset=utf-8" />
  <meta name='ocr-system' content='tesseract 3.04.00' />
  <meta name='ocr-capabilities' content='ocr_page ocr_carea ocr_par ocr_line ocrx_word'/>
</head>
<body>
  <div class='ocr_page' id='page_1' title='image "./operavirg00virguoft_0268.png"; bbox 0 0 1820 3080; ppageno 0'>
   <div class='ocr_carea' id='block_1_1' title="bbox 310 662 351 690">
    <p class='ocr_par' dir='ltr' id='par_1_1' title="bbox 310 662 351 690">
     <span class='ocr_line' id='line_1_1' title="bbox 310 662 351 690; baseline 0 0"><span class='ocrx_word' id='word_1_1' title='bbox 310 662 351 690; x_wconf 84' lang='lat'><strong>55</strong></span> 
     </span>
    </p>
   </div>
   <div class='ocr_carea' id='block_1_2' title="bbox 312 962 352 992">
    <p class='ocr_par' dir='ltr' id='par_1_2' title="bbox 312 962 352 992">
     <span class='ocr_line' id='line_1_2' title="bbox 312 962 352 992; baseline -0.025 0"><span class='ocrx_word' id='word_1_2' title='bbox 312 962 352 992; x_wconf 78' lang='lat'><strong>0&#39;0</strong></span> 
     </span>
    </p>
   </div>
   <div class='ocr_carea' id='block_1_3' title="bbox 311 1264 352 1293">
    <p class='ocr_par' dir='ltr' id='par_1_3' title="bbox 311 1264 352 1293">
     <span class='ocr_line' id='line_1_3' title="bbox 311 1264 352 1293; baseline -0.024 0"><span class='ocrx_word' id='word_1_3' title='bbox 311 1264 352 1293; x_wconf 74' lang='lat'><strong>65</strong></span> 
     </span>
    </p>
   </div>
   <div class='ocr_carea' id='block_1_4' title="bbox 312 1565 352 1594">
    <p class='ocr_par' dir='ltr' id='par_1_4' title="bbox 312 1565 352 1594">
     <span class='ocr_line' id='line_1_4' title="bbox 312 1565 352 1594; baseline 0 0"><span class='ocrx_word' id='word_1_4' title='bbox 312 1565 352 1594; x_wconf 83' lang='lat'><strong>70</strong></span> 
     </span>
    </p>
   </div>
   <div class='ocr_carea' id='block_1_5' title="bbox 312 1867 351 1897">
    <p class='ocr_par' dir='ltr' id='par_1_5' title="bbox 312 1867 351 1897">
     <span class='ocr_line' id='line_1_5' title="bbox 312 1867 351 1897; baseline 0.051 -2"><span class='ocrx_word' id='word_1_5' title='bbox 312 1867 351 1897; x_wconf 81' lang='lat'><strong>75</strong></span> 
     </span>
    </p>
   </div>
   <div class='ocr_carea' id='block_1_6' title="bbox 380 300 1310 343">
    <p class='ocr_par' dir='ltr' id='par_1_6' title="bbox 380 300 1310 343">
     <span class='ocr_line' id='line_1_6' title="bbox 380 300 1310 343; baseline 0.001 -2"><span class='ocrx_word' id='word_1_6' title='bbox 380 300 463 341; x_wconf 83' lang='lat'><strong>236</strong></span> <span class='ocrx_word' id='word_1_7' title='bbox 778 309 820 342; x_wconf 88' lang='lat' dir='ltr'><strong>P.</strong></span> <span class='ocrx_word' id='word_1_8' title='bbox 839 307 1069 342; x_wconf 83' lang='lat' dir='ltr'><strong>VERGILII</strong></span> <span class='ocrx_word' id='word_1_9' title='bbox 1086 305 1310 343; x_wconf 78' lang='lat' dir='ltr'><strong>MARONIS</strong></span> 
     </span>
    </p>
   </div>
   <div class='ocr_carea' id='block_1_7' title="bbox 374 405 1708 2088">
    <p class='ocr_par' dir='ltr' id='par_1_7' title="bbox 376 405 1442 461">
     <span class='ocr_line' id='line_1_7' title="bbox 376 405 1442 461; baseline -0.002 -12"><span class='ocrx_word' id='word_1_10' title='bbox 376 407 560 449; x_wconf 85' lang='lat' dir='ltr'><strong>Arcades</strong></span> <span class='ocrx_word' id='word_1_11' title='bbox 583 407 647 447; x_wconf 91' lang='lat' dir='ltr'><strong>his</strong></span> <span class='ocrx_word' id='word_1_12' title='bbox 672 407 770 456; x_wconf 89' lang='lat' dir='ltr'><strong>oris,</strong></span> <span class='ocrx_word' id='word_1_13' title='bbox 795 421 924 461; x_wconf 87' lang='lat' dir='ltr'><strong>genus</strong></span> <span class='ocrx_word' id='word_1_14' title='bbox 949 422 974 447; x_wconf 92' lang='lat' dir='ltr'><strong>a</strong></span> <span class='ocrx_word' id='word_1_15' title='bbox 995 406 1180 447; x_wconf 84' lang='lat' dir='ltr'>Pallante</span> <span class='ocrx_word' id='word_1_16' title='bbox 1202 405 1442 460; x_wconf 84' lang='lat' dir='ltr'><strong>profectum,</strong></span> 
     </span>
    </p>

    <p class='ocr_par' dir='ltr' id='par_1_8' title="bbox 377 466 1480 521">
     <span class='ocr_line' id='line_1_8' title="bbox 377 466 1480 521; baseline -0.001 -13"><span class='ocrx_word' id='word_1_17' title='bbox 377 469 447 520; x_wconf 87' lang='lat' dir='ltr'><strong>qui</strong></span> <span class='ocrx_word' id='word_1_18' title='bbox 468 482 607 521; x_wconf 87' lang='lat' dir='ltr'><strong>regem</strong></span> <span class='ocrx_word' id='word_1_19' title='bbox 630 466 871 507; x_wconf 88' lang='lat' dir='ltr'><strong>Euandrum</strong></span> <span class='ocrx_word' id='word_1_20' title='bbox 894 467 1080 516; x_wconf 81' lang='lat' dir='ltr'><strong>comites,</strong></span> <span class='ocrx_word' id='word_1_21' title='bbox 1105 467 1175 519; x_wconf 89' lang='lat' dir='ltr'><strong>qui</strong></span> <span class='ocrx_word' id='word_1_22' title='bbox 1200 467 1318 521; x_wconf 86' lang='lat' dir='ltr'><strong>signa</strong></span> <span class='ocrx_word' id='word_1_23' title='bbox 1341 468 1480 517; x_wconf 91' lang='lat' dir='ltr'><strong>secuti,</strong></span> 
     </span>
    </p>

    <p class='ocr_par' dir='ltr' id='par_1_9' title="bbox 377 526 1439 582">
     <span class='ocr_line' id='line_1_9' title="bbox 377 526 1439 582; baseline 0.001 -15"><span class='ocrx_word' id='word_1_24' title='bbox 377 527 562 582; x_wconf 86' lang='lat' dir='ltr'><strong>delegere</strong></span> <span class='ocrx_word' id='word_1_25' title='bbox 585 527 721 567; x_wconf 92' lang='lat' dir='ltr'><strong>locum</strong></span> <span class='ocrx_word' id='word_1_26' title='bbox 744 532 784 567; x_wconf 84' lang='lat' dir='ltr'><strong>et</strong></span> <span class='ocrx_word' id='word_1_27' title='bbox 805 540 979 580; x_wconf 83' lang='lat' dir='ltr'>posuere</span> <span class='ocrx_word' id='word_1_28' title='bbox 1001 527 1044 567; x_wconf 91' lang='lat' dir='ltr'><strong>in</strong></span> <span class='ocrx_word' id='word_1_29' title='bbox 1066 526 1272 568; x_wconf 87' lang='lat' dir='ltr'><strong>montibus</strong></span> <span class='ocrx_word' id='word_1_30' title='bbox 1295 527 1439 568; x_wconf 90' lang='lat' dir='ltr'><strong>urbem</strong></span> 
     </span>
    </p>

    <p class='ocr_par' dir='ltr' id='par_1_10' title="bbox 375 586 1288 641">
     <span class='ocr_line' id='line_1_10' title="bbox 375 586 1288 641; baseline 0.001 -14"><span class='ocrx_word' id='word_1_31' title='bbox 375 587 571 628; x_wconf 87' lang='lat' dir='ltr'><strong>Pallantis</strong></span> <span class='ocrx_word' id='word_1_32' title='bbox 595 587 735 641; x_wconf 84' lang='lat' dir='ltr'>proavi</span> <span class='ocrx_word' id='word_1_33' title='bbox 759 587 810 627; x_wconf 91' lang='lat' dir='ltr'><strong>de</strong></span> <span class='ocrx_word' id='word_1_34' title='bbox 832 587 995 628; x_wconf 90' lang='lat' dir='ltr'><strong>nomine</strong></span> <span class='ocrx_word' id='word_1_35' title='bbox 1019 586 1288 628; x_wconf 76' lang='lat' dir='ltr'><strong>Pallanteum.</strong></span> 
     </span>
    </p>

    <p class='ocr_par' dir='ltr' id='par_1_11' title="bbox 374 647 1414 702">
     <span class='ocr_line' id='line_1_11' title="bbox 374 647 1414 702; baseline 0 -14"><span class='ocrx_word' id='word_1_36' title='bbox 374 647 418 688; x_wconf 92' lang='lat' dir='ltr'><strong>hi</strong></span> <span class='ocrx_word' id='word_1_37' title='bbox 439 647 591 688; x_wconf 89' lang='lat' dir='ltr'><strong>bellum</strong></span> <span class='ocrx_word' id='word_1_38' title='bbox 614 647 783 688; x_wconf 83' lang='lat' dir='ltr'><strong>adsidue</strong></span> <span class='ocrx_word' id='word_1_39' title='bbox 807 647 961 688; x_wconf 88' lang='lat' dir='ltr'><strong>ducunt</strong></span> <span class='ocrx_word' id='word_1_40' title='bbox 984 661 1077 688; x_wconf 90' lang='lat' dir='ltr'><strong>cum</strong></span> <span class='ocrx_word' id='word_1_41' title='bbox 1100 653 1221 702; x_wconf 86' lang='lat' dir='ltr'><strong>gente</strong></span> <span class='ocrx_word' id='word_1_42' title='bbox 1244 647 1414 697; x_wconf 88' lang='lat' dir='ltr'><strong>Latina;</strong></span> 
     </span>
    </p>

    <p class='ocr_par' dir='ltr' id='par_1_12' title="bbox 374 707 1354 763">
     <span class='ocr_line' id='line_1_12' title="bbox 374 707 1354 763; baseline 0 -15"><span class='ocrx_word' id='word_1_43' title='bbox 374 707 449 748; x_wconf 90' lang='lat' dir='ltr'><strong>hos</strong></span> <span class='ocrx_word' id='word_1_44' title='bbox 461 707 616 761; x_wconf 23' lang='lat' dir='ltr'><strong>*castris</strong></span> <span class='ocrx_word' id='word_1_45' title='bbox 640 707 788 748; x_wconf 85' lang='lat' dir='ltr'><strong>adhibe</strong></span> <span class='ocrx_word' id='word_1_46' title='bbox 812 707 944 748; x_wconf 90' lang='lat' dir='ltr'><strong>socios</strong></span> <span class='ocrx_word' id='word_1_47' title='bbox 968 713 1009 748; x_wconf 88' lang='lat' dir='ltr'><strong>et</strong></span> <span class='ocrx_word' id='word_1_48' title='bbox 1030 707 1197 749; x_wconf 83' lang='lat' dir='ltr'><strong>foedera</strong></span> <span class='ocrx_word' id='word_1_49' title='bbox 1218 707 1354 763; x_wconf 85' lang='lat' dir='ltr'><strong>iunge.</strong></span> 
     </span>
    </p>

    <p class='ocr_par' dir='ltr' id='par_1_13' title="bbox 374 767 1321 822">
     <span class='ocr_line' id='line_1_13' title="bbox 374 767 1321 822; baseline 0 -14"><span class='ocrx_word' id='word_1_50' title='bbox 374 768 463 822; x_wconf 89' lang='lat' dir='ltr'><strong>ipse</strong></span> <span class='ocrx_word' id='word_1_51' title='bbox 487 781 563 822; x_wconf 86' lang='lat' dir='ltr'><strong>ego</strong></span> <span class='ocrx_word' id='word_1_52' title='bbox 586 773 627 808; x_wconf 88' lang='lat' dir='ltr'><strong>te</strong></span> <span class='ocrx_word' id='word_1_53' title='bbox 649 767 748 822; x_wconf 84' lang='lat' dir='ltr'><strong>ripis</strong></span> <span class='ocrx_word' id='word_1_54' title='bbox 773 773 813 808; x_wconf 91' lang='lat' dir='ltr'><strong>et</strong></span> <span class='ocrx_word' id='word_1_55' title='bbox 835 774 946 809; x_wconf 90' lang='lat' dir='ltr'><strong>recto</strong></span> <span class='ocrx_word' id='word_1_56' title='bbox 970 767 1137 809; x_wconf 90' lang='lat' dir='ltr'><strong>flumine</strong></span> <span class='ocrx_word' id='word_1_57' title='bbox 1161 768 1321 817; x_wconf 87' lang='lat' dir='ltr'><strong>ducam,</strong></span> 
     </span>
    </p>

    <p class='ocr_par' dir='ltr' id='par_1_14' title="bbox 375 827 1438 882">
     <span class='ocr_line' id='line_1_14' title="bbox 375 827 1438 882; baseline 0 -13"><span class='ocrx_word' id='word_1_58' title='bbox 375 828 592 869; x_wconf 89' lang='lat' dir='ltr'><strong>adversum</strong></span> <span class='ocrx_word' id='word_1_59' title='bbox 614 828 736 869; x_wconf 87' lang='lat' dir='ltr'><strong>remis</strong></span> <span class='ocrx_word' id='word_1_60' title='bbox 762 842 928 882; x_wconf 89' lang='lat' dir='ltr'><strong>superes</strong></span> <span class='ocrx_word' id='word_1_61' title='bbox 954 827 1172 869; x_wconf 82' lang='lat' dir='ltr'><strong>subvectus</strong></span> <span class='ocrx_word' id='word_1_62' title='bbox 1196 834 1242 869; x_wconf 83' lang='lat' dir='ltr'><strong>ut</strong></span> <span class='ocrx_word' id='word_1_63' title='bbox 1265 843 1438 869; x_wconf 89' lang='lat' dir='ltr'><strong>amnem.</strong></span> 
     </span>
    </p>

    <p class='ocr_par' dir='ltr' id='par_1_15' title="bbox 376 888 1504 944">
     <span class='ocr_line' id='line_1_15' title="bbox 376 888 1504 944; baseline -0.001 -14"><span class='ocrx_word' id='word_1_64' title='bbox 376 903 497 944; x_wconf 87' lang='lat' dir='ltr'><strong>surge</strong></span> <span class='ocrx_word' id='word_1_65' title='bbox 521 903 615 943; x_wconf 87' lang='lat' dir='ltr'><strong>age,</strong></span> <span class='ocrx_word' id='word_1_66' title='bbox 640 894 733 929; x_wconf 87' lang='lat' dir='ltr'><strong>nate</strong></span> <span class='ocrx_word' id='word_1_67' title='bbox 758 889 853 938; x_wconf 89' lang='lat' dir='ltr'><strong>dea,</strong></span> <span class='ocrx_word' id='word_1_68' title='bbox 877 888 1099 943; x_wconf 83' lang='lat' dir='ltr'><strong>primisque</strong></span> <span class='ocrx_word' id='word_1_69' title='bbox 1122 888 1359 930; x_wconf 86' lang='lat' dir='ltr'><strong>cadentibus</strong></span> <span class='ocrx_word' id='word_1_70' title='bbox 1385 889 1504 930; x_wconf 86' lang='lat' dir='ltr'><strong>astris</strong></span> 
     </span>
    </p>

    <p class='ocr_par' dir='ltr' id='par_1_16' title="bbox 375 949 1319 1004">
     <span class='ocr_line' id='line_1_16' title="bbox 375 949 1319 1004; baseline 0.001 -15"><span class='ocrx_word' id='word_1_71' title='bbox 375 949 523 990; x_wconf 90' lang='lat' dir='ltr'><strong>Iunoni</strong></span> <span class='ocrx_word' id='word_1_72' title='bbox 545 949 608 990; x_wconf 88' lang='lat' dir='ltr'><strong>fer</strong></span> <span class='ocrx_word' id='word_1_73' title='bbox 629 949 704 990; x_wconf 86' lang='lat' dir='ltr'><strong>rite</strong></span> <span class='ocrx_word' id='word_1_74' title='bbox 726 949 877 1004; x_wconf 89' lang='lat' dir='ltr'><strong>precis,</strong></span> <span class='ocrx_word' id='word_1_75' title='bbox 902 950 1084 1002; x_wconf 85' lang='lat' dir='ltr'><strong>iramque</strong></span> <span class='ocrx_word' id='word_1_76' title='bbox 1107 949 1319 1002; x_wconf 89' lang='lat' dir='ltr'><strong>minasque</strong></span> 
     </span>
    </p>

    <p class='ocr_par' dir='ltr' id='par_1_17' title="bbox 377 1009 1433 1063">
     <span class='ocr_line' id='line_1_17' title="bbox 377 1009 1433 1063; baseline 0.001 -14"><span class='ocrx_word' id='word_1_77' title='bbox 377 1009 628 1063; x_wconf 87' lang='lat' dir='ltr'><strong>supplicibus</strong></span> <span class='ocrx_word' id='word_1_78' title='bbox 655 1024 802 1063; x_wconf 88' lang='lat' dir='ltr'><strong>supera</strong></span> <span class='ocrx_word' id='word_1_79' title='bbox 823 1009 942 1050; x_wconf 84' lang='lat' dir='ltr'><strong>votis.</strong></span> <span class='ocrx_word' id='word_1_80' title='bbox 965 1009 1066 1050; x_wconf 91' lang='lat' dir='ltr'><strong>mihi</strong></span> <span class='ocrx_word' id='word_1_81' title='bbox 1087 1010 1217 1051; x_wconf 86' lang='lat' dir='ltr'><strong>victor</strong></span> <span class='ocrx_word' id='word_1_82' title='bbox 1238 1010 1433 1051; x_wconf 88' lang='lat' dir='ltr'><strong>honorem</strong></span> 
     </span>
    </p>

    <p class='ocr_par' dir='ltr' id='par_1_18' title="bbox 374 1069 1464 1125">
     <span class='ocr_line' id='line_1_18' title="bbox 374 1069 1464 1125; baseline 0.001 -15"><span class='ocrx_word' id='word_1_83' title='bbox 374 1069 596 1123; x_wconf 87' lang='lat' dir='ltr'><strong>persolves.</strong></span> <span class='ocrx_word' id='word_1_84' title='bbox 621 1083 698 1125; x_wconf 87' lang='lat' dir='ltr'><strong>ego</strong></span> <span class='ocrx_word' id='word_1_85' title='bbox 723 1085 832 1119; x_wconf 89' lang='lat' dir='ltr'><strong>sum,</strong></span> <span class='ocrx_word' id='word_1_86' title='bbox 857 1070 978 1124; x_wconf 89' lang='lat' dir='ltr'><strong>pleno</strong></span> <span class='ocrx_word' id='word_1_87' title='bbox 1001 1084 1123 1123; x_wconf 92' lang='lat' dir='ltr'><strong>quem</strong></span> <span class='ocrx_word' id='word_1_88' title='bbox 1146 1071 1310 1111; x_wconf 89' lang='lat' dir='ltr'><strong>flumine</strong></span> <span class='ocrx_word' id='word_1_89' title='bbox 1335 1071 1464 1112; x_wconf 89' lang='lat' dir='ltr'><strong>cernis</strong></span> 
     </span>
    </p>

    <p class='ocr_par' dir='ltr' id='par_1_19' title="bbox 377 1130 1397 1185">
     <span class='ocr_line' id='line_1_19' title="bbox 377 1130 1397 1185; baseline 0.002 -15"><span class='ocrx_word' id='word_1_90' title='bbox 377 1130 641 1185; x_wconf 83' lang='lat' dir='ltr'><strong>stringentem</strong></span> <span class='ocrx_word' id='word_1_91' title='bbox 662 1130 771 1184; x_wconf 90' lang='lat' dir='ltr'><strong>ripas</strong></span> <span class='ocrx_word' id='word_1_92' title='bbox 796 1136 836 1171; x_wconf 92' lang='lat' dir='ltr'><strong>et</strong></span> <span class='ocrx_word' id='word_1_93' title='bbox 858 1130 1026 1185; x_wconf 87' lang='lat' dir='ltr'><strong>pinguia</strong></span> <span class='ocrx_word' id='word_1_94' title='bbox 1049 1131 1157 1172; x_wconf 90' lang='lat' dir='ltr'><strong>culta</strong></span> <span class='ocrx_word' id='word_1_95' title='bbox 1181 1136 1397 1180; x_wconf 81' lang='lat' dir='ltr'><strong>secantem,</strong></span> 
     </span>
    </p>

    <p class='ocr_par' dir='ltr' id='par_1_20' title="bbox 376 1190 1392 1245">
     <span class='ocr_line' id='line_1_20' title="bbox 376 1190 1392 1245; baseline 0 -14"><span class='ocrx_word' id='word_1_96' title='bbox 376 1191 584 1231; x_wconf 86' lang='lat' dir='ltr'><strong>caeruleus</strong></span> <span class='ocrx_word' id='word_1_97' title='bbox 609 1190 808 1245; x_wconf 87' lang='lat' dir='ltr'><strong>Thybris,</strong></span> <span class='ocrx_word' id='word_1_98' title='bbox 833 1191 945 1232; x_wconf 88' lang='lat' dir='ltr'><strong>caelo</strong></span> <span class='ocrx_word' id='word_1_99' title='bbox 969 1191 1225 1245; x_wconf 85' lang='lat' dir='ltr'><strong>gratissimus</strong></span> <span class='ocrx_word' id='word_1_100' title='bbox 1249 1191 1392 1232; x_wconf 91' lang='lat' dir='ltr'><strong>amnis.</strong></span> 
     </span>
    </p>

    <p class='ocr_par' dir='ltr' id='par_1_21' title="bbox 375 1250 1552 1360">
     <span class='ocr_line' id='line_1_21' title="bbox 375 1250 1552 1306; baseline -0.001 -15"><span class='ocrx_word' id='word_1_101' title='bbox 375 1250 442 1292; x_wconf 92' lang='lat' dir='ltr'><strong>hic</strong></span> <span class='ocrx_word' id='word_1_102' title='bbox 465 1251 564 1291; x_wconf 87' lang='lat' dir='ltr'><strong>mihi</strong></span> <span class='ocrx_word' id='word_1_103' title='bbox 587 1266 737 1306; x_wconf 88' lang='lat' dir='ltr'><strong>magna</strong></span> <span class='ocrx_word' id='word_1_104' title='bbox 759 1251 923 1299; x_wconf 88' lang='lat' dir='ltr'><strong>domus,</strong></span> <span class='ocrx_word' id='word_1_105' title='bbox 950 1251 1069 1292; x_wconf 90' lang='lat' dir='ltr'><strong>celsis</strong></span> <span class='ocrx_word' id='word_1_106' title='bbox 1094 1257 1215 1305; x_wconf 88' lang='lat' dir='ltr'><strong>caput</strong></span> <span class='ocrx_word' id='word_1_107' title='bbox 1237 1251 1406 1292; x_wconf 88' lang='lat' dir='ltr'><strong>urbibus</strong></span> <span class='ocrx_word' id='word_1_108' title='bbox 1431 1251 1552 1291; x_wconf 83' lang='lat' dir='ltr'><strong>exit.“</strong></span> 
     </span>
     <span class='ocr_line' id='line_1_22' title="bbox 430 1311 1414 1360; baseline -0.001 -9"><span class='ocrx_word' id='word_1_109' title='bbox 430 1311 567 1360; x_wconf 80' lang='lat' dir='ltr'><strong>Dixit,</strong></span> <span class='ocrx_word' id='word_1_110' title='bbox 593 1311 738 1352; x_wconf 91' lang='lat' dir='ltr'><strong>deinde</strong></span> <span class='ocrx_word' id='word_1_111' title='bbox 761 1311 854 1352; x_wconf 91' lang='lat' dir='ltr'><strong>lacu</strong></span> <span class='ocrx_word' id='word_1_112' title='bbox 876 1311 1024 1352; x_wconf 88' lang='lat' dir='ltr'><strong>fluvius</strong></span> <span class='ocrx_word' id='word_1_113' title='bbox 1049 1325 1094 1352; x_wconf 89' lang='lat' dir='ltr'><strong>se</strong></span> <span class='ocrx_word' id='word_1_114' title='bbox 1117 1311 1297 1352; x_wconf 91' lang='lat' dir='ltr'><strong>condidit</strong></span> <span class='ocrx_word' id='word_1_115' title='bbox 1320 1311 1414 1359; x_wconf 88' lang='lat' dir='ltr'><strong>alto,</strong></span> 
     </span>
    </p>

    <p class='ocr_par' dir='ltr' id='par_1_22' title="bbox 375 1370 1414 1425">
     <span class='ocr_line' id='line_1_23' title="bbox 375 1370 1414 1425; baseline -0.002 -13"><span class='ocrx_word' id='word_1_116' title='bbox 375 1371 458 1412; x_wconf 90' lang='lat' dir='ltr'><strong>ima</strong></span> <span class='ocrx_word' id='word_1_117' title='bbox 480 1370 642 1425; x_wconf 85' lang='lat' dir='ltr'><strong>petens3</strong></span> <span class='ocrx_word' id='word_1_118' title='bbox 666 1386 749 1412; x_wconf 87' lang='lat' dir='ltr'><strong>nox</strong></span> <span class='ocrx_word' id='word_1_119' title='bbox 771 1370 946 1412; x_wconf 89' lang='lat' dir='ltr'><strong>Aenean</strong></span> <span class='ocrx_word' id='word_1_120' title='bbox 969 1385 1219 1424; x_wconf 86' lang='lat' dir='ltr'><strong>somnusque</strong></span> <span class='ocrx_word' id='word_1_121' title='bbox 1241 1370 1414 1424; x_wconf 88' lang='lat' dir='ltr'><strong>reliquit.</strong></span> 
     </span>
    </p>

    <p class='ocr_par' dir='ltr' id='par_1_23' title="bbox 377 1431 1286 1486">
     <span class='ocr_line' id='line_1_24' title="bbox 377 1431 1286 1486; baseline 0 -14"><span class='ocrx_word' id='word_1_122' title='bbox 377 1432 507 1486; x_wconf 80' lang='lat' dir='ltr'><strong>surgit</strong></span> <span class='ocrx_word' id='word_1_123' title='bbox 530 1437 570 1472; x_wconf 84' lang='lat' dir='ltr'><strong>et</strong></span> <span class='ocrx_word' id='word_1_124' title='bbox 593 1431 760 1472; x_wconf 86' lang='lat' dir='ltr'><strong>aetherii</strong></span> <span class='ocrx_word' id='word_1_125' title='bbox 784 1437 972 1485; x_wconf 87' lang='lat' dir='ltr'><strong>spectans</strong></span> <span class='ocrx_word' id='word_1_126' title='bbox 996 1432 1165 1472; x_wconf 85' lang='lat' dir='ltr'><strong>orientia</strong></span> <span class='ocrx_word' id='word_1_127' title='bbox 1189 1431 1286 1472; x_wconf 90' lang='lat' dir='ltr'><strong>solis</strong></span> 
     </span>
    </p>

    <p class='ocr_par' dir='ltr' id='par_1_24' title="bbox 375 1492 1369 1547">
     <span class='ocr_line' id='line_1_25' title="bbox 375 1492 1369 1547; baseline 0.001 -15"><span class='ocrx_word' id='word_1_128' title='bbox 375 1492 529 1532; x_wconf 89' lang='lat' dir='ltr'><strong>lumina</strong></span> <span class='ocrx_word' id='word_1_129' title='bbox 551 1492 626 1533; x_wconf 83' lang='lat' dir='ltr'><strong>rite</strong></span> <span class='ocrx_word' id='word_1_130' title='bbox 649 1492 760 1532; x_wconf 89' lang='lat' dir='ltr'><strong>cavis</strong></span> <span class='ocrx_word' id='word_1_131' title='bbox 784 1492 937 1532; x_wconf 91' lang='lat' dir='ltr'><strong>undam</strong></span> <span class='ocrx_word' id='word_1_132' title='bbox 960 1492 1010 1533; x_wconf 90' lang='lat' dir='ltr'><strong>de</strong></span> <span class='ocrx_word' id='word_1_133' title='bbox 1034 1492 1200 1533; x_wconf 90' lang='lat' dir='ltr'><strong>flumine</strong></span> <span class='ocrx_word' id='word_1_134' title='bbox 1222 1492 1369 1547; x_wconf 87' lang='lat' dir='ltr'><strong>palmis</strong></span> 
     </span>
    </p>

    <p class='ocr_par' dir='ltr' id='par_1_25' title="bbox 377 1553 1358 1594">
     <span class='ocr_line' id='line_1_26' title="bbox 377 1553 1358 1594; baseline 0.002 -2"><span class='ocrx_word' id='word_1_135' title='bbox 377 1553 548 1593; x_wconf 79' lang='lat' dir='ltr'><strong>sustinet</strong></span> <span class='ocrx_word' id='word_1_136' title='bbox 572 1567 620 1593; x_wconf 90' lang='lat' dir='ltr'><strong>ac</strong></span> <span class='ocrx_word' id='word_1_137' title='bbox 643 1553 734 1593; x_wconf 90' lang='lat' dir='ltr'><strong>talis</strong></span> <span class='ocrx_word' id='word_1_138' title='bbox 760 1553 932 1594; x_wconf 86' lang='lat' dir='ltr'><strong>effundit</strong></span> <span class='ocrx_word' id='word_1_139' title='bbox 955 1553 1008 1593; x_wconf 91' lang='lat' dir='ltr'><strong>ad</strong></span> <span class='ocrx_word' id='word_1_140' title='bbox 1032 1553 1195 1594; x_wconf 87' lang='lat' dir='ltr'><strong>aethera</strong></span> <span class='ocrx_word' id='word_1_141' title='bbox 1217 1567 1358 1594; x_wconf 85' lang='lat' dir='ltr'><strong>voces:</strong></span> 
     </span>
    </p>

    <p class='ocr_par' dir='ltr' id='par_1_26' title="bbox 377 1612 1708 1668">
     <span class='ocr_line' id='line_1_27' title="bbox 377 1612 1708 1668; baseline 0.001 -16"><span class='ocrx_word' id='word_1_142' title='bbox 377 1612 629 1667; x_wconf 89' lang='lat' dir='ltr'><strong>‚‚Nymphae‚</strong></span> <span class='ocrx_word' id='word_1_143' title='bbox 654 1613 884 1654; x_wconf 85' lang='lat' dir='ltr'><strong>Laurentes</strong></span> <span class='ocrx_word' id='word_1_144' title='bbox 901 1612 1129 1667; x_wconf 86' lang='lat' dir='ltr'><strong>Nymphae,</strong></span> <span class='ocrx_word' id='word_1_145' title='bbox 1153 1627 1284 1668; x_wconf 89' lang='lat' dir='ltr'><strong>genus</strong></span> <span class='ocrx_word' id='word_1_146' title='bbox 1304 1612 1490 1654; x_wconf 84' lang='lat' dir='ltr'><strong>amnibus</strong></span> <span class='ocrx_word' id='word_1_147' title='bbox 1508 1613 1615 1653; x_wconf 88' lang='lat' dir='ltr'><strong>unde</strong></span> <span class='ocrx_word' id='word_1_148' title='bbox 1634 1618 1708 1662; x_wconf 82' lang='lat' dir='ltr'><strong>est,</strong></span> 
     </span>
    </p>

    <p class='ocr_par' dir='ltr' id='par_1_27' title="bbox 374 1673 1503 1728">
     <span class='ocr_line' id='line_1_28' title="bbox 374 1673 1503 1728; baseline 0.001 -15"><span class='ocrx_word' id='word_1_149' title='bbox 374 1679 517 1726; x_wconf 88' lang='lat' dir='ltr'><strong>tuque,</strong></span> <span class='ocrx_word' id='word_1_150' title='bbox 543 1688 567 1714; x_wconf 94' lang='lat' dir='ltr'><strong>o</strong></span> <span class='ocrx_word' id='word_1_151' title='bbox 592 1673 750 1728; x_wconf 86' lang='lat' dir='ltr'><strong>Thybri</strong></span> <span class='ocrx_word' id='word_1_152' title='bbox 773 1681 842 1714; x_wconf 88' lang='lat' dir='ltr'><strong>tuo</strong></span> <span class='ocrx_word' id='word_1_153' title='bbox 865 1674 1024 1728; x_wconf 87' lang='lat' dir='ltr'><strong>genitor</strong></span> <span class='ocrx_word' id='word_1_154' title='bbox 1047 1688 1140 1715; x_wconf 91' lang='lat' dir='ltr'><strong>cum</strong></span> <span class='ocrx_word' id='word_1_155' title='bbox 1162 1674 1328 1714; x_wconf 90' lang='lat' dir='ltr'><strong>flumine</strong></span> <span class='ocrx_word' id='word_1_156' title='bbox 1352 1678 1503 1722; x_wconf 86' lang='lat' dir='ltr'><strong>sancto,</strong></span> 
     </span>
    </p>

    <p class='ocr_par' dir='ltr' id='par_1_28' title="bbox 375 1732 1341 1788">
     <span class='ocr_line' id='line_1_29' title="bbox 375 1732 1341 1788; baseline 0 -14"><span class='ocrx_word' id='word_1_157' title='bbox 375 1734 544 1787; x_wconf 87' lang='lat' dir='ltr'><strong>accipite</strong></span> <span class='ocrx_word' id='word_1_158' title='bbox 567 1732 740 1774; x_wconf 86' lang='lat' dir='ltr'><strong>Aenean</strong></span> <span class='ocrx_word' id='word_1_159' title='bbox 763 1740 803 1775; x_wconf 91' lang='lat' dir='ltr'><strong>et</strong></span> <span class='ocrx_word' id='word_1_160' title='bbox 826 1735 989 1775; x_wconf 85' lang='lat' dir='ltr'><strong>tandem</strong></span> <span class='ocrx_word' id='word_1_161' title='bbox 1013 1740 1145 1775; x_wconf 90' lang='lat' dir='ltr'><strong>arcete</strong></span> <span class='ocrx_word' id='word_1_162' title='bbox 1167 1734 1341 1788; x_wconf 89' lang='lat' dir='ltr'><strong>periclis.</strong></span> 
     </span>
    </p>

    <p class='ocr_par' dir='ltr' id='par_1_29' title="bbox 375 1794 1608 1847">
     <span class='ocr_line' id='line_1_30' title="bbox 375 1794 1608 1847; baseline 0.001 -14"><span class='ocrx_word' id='word_1_163' title='bbox 375 1807 455 1846; x_wconf 92' lang='lat' dir='ltr'><strong>quo</strong></span> <span class='ocrx_word' id='word_1_164' title='bbox 478 1800 517 1834; x_wconf 90' lang='lat' dir='ltr'><strong>te</strong></span> <span class='ocrx_word' id='word_1_165' title='bbox 542 1808 716 1847; x_wconf 90' lang='lat' dir='ltr'><strong>cumque</strong></span> <span class='ocrx_word' id='word_1_166' title='bbox 739 1794 871 1844; x_wconf 88' lang='lat' dir='ltr'><strong>lacus,</strong></span> <span class='ocrx_word' id='word_1_167' title='bbox 896 1795 1156 1836; x_wconf 87' lang='lat' dir='ltr'><strong>miserantem</strong></span> <span class='ocrx_word' id='word_1_168' title='bbox 1179 1794 1436 1835; x_wconf 88' lang='lat' dir='ltr'><strong>incommoda</strong></span> <span class='ocrx_word' id='word_1_169' title='bbox 1458 1799 1608 1842; x_wconf 85' lang='lat' dir='ltr'><strong>nostra,</strong></span> 
     </span>
    </p>

    <p class='ocr_par' dir='ltr' id='par_1_30' title="bbox 375 1854 1475 1908">
     <span class='ocr_line' id='line_1_31' title="bbox 375 1854 1475 1908; baseline 0.001 -15"><span class='ocrx_word' id='word_1_170' title='bbox 375 1854 487 1894; x_wconf 88' lang='lat' dir='ltr'><strong>fonte</strong></span> <span class='ocrx_word' id='word_1_171' title='bbox 511 1859 638 1903; x_wconf 88' lang='lat' dir='ltr'><strong>tenet,</strong></span> <span class='ocrx_word' id='word_1_172' title='bbox 663 1868 921 1907; x_wconf 89' lang='lat' dir='ltr'><strong>quocumque</strong></span> <span class='ocrx_word' id='word_1_173' title='bbox 945 1855 1031 1896; x_wconf 90' lang='lat' dir='ltr'><strong>solo</strong></span> <span class='ocrx_word' id='word_1_174' title='bbox 1055 1855 1350 1908; x_wconf 89' lang='lat' dir='ltr'><strong>pulcherrimus</strong></span> <span class='ocrx_word' id='word_1_175' title='bbox 1375 1854 1475 1903; x_wconf 89' lang='lat' dir='ltr'><strong>exis,</strong></span> 
     </span>
    </p>

    <p class='ocr_par' dir='ltr' id='par_1_31' title="bbox 376 1913 1459 1968">
     <span class='ocr_line' id='line_1_32' title="bbox 376 1913 1459 1968; baseline 0.002 -15"><span class='ocrx_word' id='word_1_176' title='bbox 376 1927 536 1967; x_wconf 88' lang='lat' dir='ltr'><strong>semper</strong></span> <span class='ocrx_word' id='word_1_177' title='bbox 557 1913 708 1962; x_wconf 86' lang='lat' dir='ltr'><strong>honore</strong></span> <span class='ocrx_word' id='word_1_178' title='bbox 731 1928 842 1963; x_wconf 92' lang='lat' dir='ltr'><strong>meo,</strong></span> <span class='ocrx_word' id='word_1_179' title='bbox 867 1928 1028 1968; x_wconf 84' lang='lat' dir='ltr'><strong>semper</strong></span> <span class='ocrx_word' id='word_1_180' title='bbox 1050 1914 1305 1955; x_wconf 88' lang='lat' dir='ltr'><strong>celebrabere</strong></span> <span class='ocrx_word' id='word_1_181' title='bbox 1329 1914 1459 1963; x_wconf 90' lang='lat' dir='ltr'><strong>donis,</strong></span> 
     </span>
    </p>

    <p class='ocr_par' dir='ltr' id='par_1_32' title="bbox 375 1971 1479 2029">
     <span class='ocr_line' id='line_1_33' title="bbox 375 1971 1479 2029; baseline 0 -15"><span class='ocrx_word' id='word_1_182' title='bbox 375 1974 559 2028; x_wconf 87' lang='lat' dir='ltr'><strong>corniger</strong></span> <span class='ocrx_word' id='word_1_183' title='bbox 581 1971 859 2027; x_wconf 89' lang='lat' dir='ltr'><strong>Hesperidum</strong></span> <span class='ocrx_word' id='word_1_184' title='bbox 882 1974 1030 2015; x_wconf 90' lang='lat' dir='ltr'><strong>fluvius</strong></span> <span class='ocrx_word' id='word_1_185' title='bbox 1058 1980 1248 2029; x_wconf 85' lang='lat' dir='ltr'><strong>regnator</strong></span> <span class='ocrx_word' id='word_1_186' title='bbox 1271 1988 1479 2027; x_wconf 90' lang='lat' dir='ltr'><strong>aquarum.</strong></span> 
     </span>
    </p>

    <p class='ocr_par' dir='ltr' id='par_1_33' title="bbox 376 2033 1447 2088">
     <span class='ocr_line' id='line_1_34' title="bbox 376 2033 1447 2088; baseline 0.001 -15"><span class='ocrx_word' id='word_1_187' title='bbox 376 2033 484 2074; x_wconf 88' lang='lat' dir='ltr'><strong>adsis</strong></span> <span class='ocrx_word' id='word_1_188' title='bbox 509 2048 533 2074; x_wconf 94' lang='lat' dir='ltr'><strong>o</strong></span> <span class='ocrx_word' id='word_1_189' title='bbox 557 2038 712 2074; x_wconf 89' lang='lat' dir='ltr'><strong>tantum</strong></span> <span class='ocrx_word' id='word_1_190' title='bbox 738 2039 777 2074; x_wconf 84' lang='lat' dir='ltr'><strong>et</strong></span> <span class='ocrx_word' id='word_1_191' title='bbox 799 2034 965 2088; x_wconf 89' lang='lat' dir='ltr'><strong>propius</strong></span> <span class='ocrx_word' id='word_1_192' title='bbox 990 2039 1060 2074; x_wconf 89' lang='lat' dir='ltr'><strong>tua</strong></span> <span class='ocrx_word' id='word_1_193' title='bbox 1081 2035 1249 2074; x_wconf 90' lang='lat' dir='ltr'><strong>numina</strong></span> <span class='ocrx_word' id='word_1_194' title='bbox 1270 2034 1447 2074; x_wconf 84' lang='lat' dir='ltr'><strong>firmes.“</strong></span> 
     </span>
    </p>
   </div>
   <div class='ocr_carea' id='block_1_8' title="bbox 323 2093 1512 2149">
    <p class='ocr_par' dir='ltr' id='par_1_34' title="bbox 323 2093 1512 2149">
     <span class='ocr_line' id='line_1_35' title="bbox 323 2093 1512 2149; baseline -0.001 -16"><span class='ocrx_word' id='word_1_195' title='bbox 323 2118 327 2121; x_wconf 41' lang='lat'><strong>⁴</strong></span> <span class='ocrx_word' id='word_1_196' title='bbox 376 2093 435 2133; x_wconf 86' lang='lat' dir='ltr'><strong>sic</strong></span> <span class='ocrx_word' id='word_1_197' title='bbox 457 2099 671 2142; x_wconf 88' lang='lat' dir='ltr'><strong>memorat,</strong></span> <span class='ocrx_word' id='word_1_198' title='bbox 696 2094 962 2148; x_wconf 85' lang='lat' dir='ltr'><strong>geminasque</strong></span> <span class='ocrx_word' id='word_1_199' title='bbox 985 2093 1084 2149; x_wconf 85' lang='lat' dir='ltr'><strong>legit</strong></span> <span class='ocrx_word' id='word_1_200' title='bbox 1107 2094 1157 2134; x_wconf 91' lang='lat' dir='ltr'><strong>de</strong></span> <span class='ocrx_word' id='word_1_201' title='bbox 1182 2094 1312 2135; x_wconf 89' lang='lat' dir='ltr'><strong>classe</strong></span> <span class='ocrx_word' id='word_1_202' title='bbox 1335 2093 1512 2140; x_wconf 83' lang='lat' dir='ltr'><strong>biremis,</strong></span> 
     </span>
    </p>
   </div>
   <div class='ocr_carea' id='block_1_9' title="bbox 309 2166 351 2195">
    <p class='ocr_par' dir='ltr' id='par_1_35' title="bbox 309 2166 351 2195">
     <span class='ocr_line' id='line_1_36' title="bbox 309 2166 351 2195; baseline 0 0"><span class='ocrx_word' id='word_1_203' title='bbox 309 2166 351 2195; x_wconf 67' lang='lat'><strong>80</strong></span> 
     </span>
    </p>
   </div>
   <div class='ocr_carea' id='block_1_10' title="bbox 309 2465 350 2495">
    <p class='ocr_par' dir='ltr' id='par_1_36' title="bbox 309 2465 350 2495">
     <span class='ocr_line' id='line_1_37' title="bbox 309 2465 350 2495; baseline 0 0"><span class='ocrx_word' id='word_1_204' title='bbox 309 2465 350 2495; x_wconf 77' lang='lat'><strong>85</strong></span> 
     </span>
    </p>
   </div>
   <div class='ocr_carea' id='block_1_11' title="bbox 374 2153 1667 2747">
    <p class='ocr_par' dir='ltr' id='par_1_37' title="bbox 374 2153 1420 2207">
     <span class='ocr_line' id='line_1_38' title="bbox 374 2153 1420 2207; baseline 0.002 -15"><span class='ocrx_word' id='word_1_205' title='bbox 374 2153 623 2207; x_wconf 82' lang='lat' dir='ltr'><strong>remigioque</strong></span> <span class='ocrx_word' id='word_1_206' title='bbox 647 2158 776 2207; x_wconf 83' lang='lat' dir='ltr'><strong>aptat3</strong></span> <span class='ocrx_word' id='word_1_207' title='bbox 802 2154 933 2194; x_wconf 90' lang='lat' dir='ltr'><strong>socios</strong></span> <span class='ocrx_word' id='word_1_208' title='bbox 959 2153 1079 2194; x_wconf 87' lang='lat' dir='ltr'><strong>simul</strong></span> <span class='ocrx_word' id='word_1_209' title='bbox 1101 2154 1263 2194; x_wconf 86' lang='lat' dir='ltr'><strong>instruit</strong></span> <span class='ocrx_word' id='word_1_210' title='bbox 1286 2153 1420 2194; x_wconf 89' lang='lat' dir='ltr'><strong>armis.</strong></span> 
     </span>
    </p>

    <p class='ocr_par' dir='ltr' id='par_1_38' title="bbox 374 2212 1667 2747">
     <span class='ocr_line' id='line_1_39' title="bbox 429 2212 1667 2267; baseline -0.001 -14"><span class='ocrx_word' id='word_1_211' title='bbox 429 2213 541 2253; x_wconf 89' lang='lat' dir='ltr'><strong>Ecce</strong></span> <span class='ocrx_word' id='word_1_212' title='bbox 564 2219 699 2253; x_wconf 90' lang='lat' dir='ltr'><strong>autem</strong></span> <span class='ocrx_word' id='word_1_213' title='bbox 724 2213 902 2254; x_wconf 89' lang='lat' dir='ltr'><strong>subitum</strong></span> <span class='ocrx_word' id='word_1_214' title='bbox 926 2219 1047 2267; x_wconf 88' lang='lat' dir='ltr'><strong>atque</strong></span> <span class='ocrx_word' id='word_1_215' title='bbox 1071 2214 1198 2254; x_wconf 90' lang='lat' dir='ltr'><strong>oculis</strong></span> <span class='ocrx_word' id='word_1_216' title='bbox 1222 2212 1405 2254; x_wconf 86' lang='lat' dir='ltr'><strong>mirabile</strong></span> <span class='ocrx_word' id='word_1_217' title='bbox 1428 2218 1667 2260; x_wconf 84' lang='lat' dir='ltr'><strong>monstrum,</strong></span> 
     </span>
     <span class='ocr_line' id='line_1_40' title="bbox 376 2273 1370 2327; baseline 0 -14"><span class='ocrx_word' id='word_1_218' title='bbox 376 2273 548 2313; x_wconf 89' lang='lat' dir='ltr'><strong>candida</strong></span> <span class='ocrx_word' id='word_1_219' title='bbox 569 2287 642 2327; x_wconf 92' lang='lat' dir='ltr'><strong>per</strong></span> <span class='ocrx_word' id='word_1_220' title='bbox 666 2273 809 2313; x_wconf 89' lang='lat' dir='ltr'><strong>silvam</strong></span> <span class='ocrx_word' id='word_1_221' title='bbox 833 2287 927 2314; x_wconf 87' lang='lat' dir='ltr'><strong>cum</strong></span> <span class='ocrx_word' id='word_1_222' title='bbox 949 2273 1037 2314; x_wconf 87' lang='lat' dir='ltr'><strong>fetu</strong></span> <span class='ocrx_word' id='word_1_223' title='bbox 1060 2273 1249 2315; x_wconf 92' lang='lat' dir='ltr'><strong>concolor</strong></span> <span class='ocrx_word' id='word_1_224' title='bbox 1277 2273 1370 2314; x_wconf 88' lang='lat' dir='ltr'><strong>albo</strong></span> 
     </span>
     <span class='ocr_line' id='line_1_41' title="bbox 374 2331 1397 2387; baseline -0.001 -13"><span class='ocrx_word' id='word_1_225' title='bbox 374 2331 590 2387; x_wconf 88' lang='lat' dir='ltr'><strong>procubuit</strong></span> <span class='ocrx_word' id='word_1_226' title='bbox 612 2333 810 2385; x_wconf 88' lang='lat' dir='ltr'><strong>viridique</strong></span> <span class='ocrx_word' id='word_1_227' title='bbox 833 2333 876 2373; x_wconf 90' lang='lat' dir='ltr'><strong>in</strong></span> <span class='ocrx_word' id='word_1_228' title='bbox 898 2333 1012 2374; x_wconf 88' lang='lat' dir='ltr'><strong>litore</strong></span> <span class='ocrx_word' id='word_1_229' title='bbox 1037 2334 1284 2387; x_wconf 88' lang='lat' dir='ltr'><strong>conspicitur</strong></span> <span class='ocrx_word' id='word_1_230' title='bbox 1308 2347 1397 2374; x_wconf 87' lang='lat' dir='ltr'><strong>sus:</strong></span> 
     </span>
     <span class='ocr_line' id='line_1_42' title="bbox 376 2392 1505 2450; baseline 0 -17"><span class='ocrx_word' id='word_1_231' title='bbox 376 2407 498 2446; x_wconf 92' lang='lat' dir='ltr'><strong>quam</strong></span> <span class='ocrx_word' id='word_1_232' title='bbox 520 2393 612 2450; x_wconf 88' lang='lat' dir='ltr'><strong>pius</strong></span> <span class='ocrx_word' id='word_1_233' title='bbox 635 2392 801 2434; x_wconf 90' lang='lat' dir='ltr'><strong>Aeneas</strong></span> <span class='ocrx_word' id='word_1_234' title='bbox 825 2393 900 2434; x_wconf 91' lang='lat' dir='ltr'><strong>tibi</strong></span> <span class='ocrx_word' id='word_1_235' title='bbox 922 2394 1047 2443; x_wconf 91' lang='lat' dir='ltr'><strong>enim,</strong></span> <span class='ocrx_word' id='word_1_236' title='bbox 1072 2393 1164 2443; x_wconf 86' lang='lat' dir='ltr'><strong>tibi,</strong></span> <span class='ocrx_word' id='word_1_237' title='bbox 1188 2394 1367 2434; x_wconf 85' lang='lat' dir='ltr'><strong>maxima</strong></span> <span class='ocrx_word' id='word_1_238' title='bbox 1389 2392 1505 2441; x_wconf 89' lang='lat' dir='ltr'><strong>Iuno,</strong></span> 
     </span>
     <span class='ocr_line' id='line_1_43' title="bbox 374 2453 1502 2509; baseline -0.002 -15"><span class='ocrx_word' id='word_1_239' title='bbox 374 2459 524 2494; x_wconf 88' lang='lat' dir='ltr'><strong>mactat</strong></span> <span class='ocrx_word' id='word_1_240' title='bbox 547 2467 662 2494; x_wconf 88' lang='lat' dir='ltr'><strong>sacra</strong></span> <span class='ocrx_word' id='word_1_241' title='bbox 684 2453 819 2494; x_wconf 88' lang='lat' dir='ltr'><strong>ferens</strong></span> <span class='ocrx_word' id='word_1_242' title='bbox 844 2459 884 2494; x_wconf 88' lang='lat' dir='ltr'><strong>et</strong></span> <span class='ocrx_word' id='word_1_243' title='bbox 908 2468 1001 2494; x_wconf 88' lang='lat' dir='ltr'><strong>cum</strong></span> <span class='ocrx_word' id='word_1_244' title='bbox 1023 2468 1157 2509; x_wconf 64' lang='lat' dir='ltr'><strong>grege⁴</strong></span> <span class='ocrx_word' id='word_1_245' title='bbox 1174 2454 1280 2495; x_wconf 86' lang='lat' dir='ltr'><strong>sistit</strong></span> <span class='ocrx_word' id='word_1_246' title='bbox 1303 2454 1356 2494; x_wconf 89' lang='lat' dir='ltr'><strong>ad</strong></span> <span class='ocrx_word' id='word_1_247' title='bbox 1379 2468 1502 2494; x_wconf 89' lang='lat' dir='ltr'><strong>aram.</strong></span> 
     </span>
     <span class='ocr_line' id='line_1_44' title="bbox 375 2513 1620 2569; baseline -0.001 -16"><span class='ocrx_word' id='word_1_248' title='bbox 375 2513 552 2568; x_wconf 88' lang='lat' dir='ltr'><strong>Thybris</strong></span> <span class='ocrx_word' id='word_1_249' title='bbox 577 2528 625 2554; x_wconf 87' lang='lat' dir='ltr'><strong>ea</strong></span> <span class='ocrx_word' id='word_1_250' title='bbox 647 2513 835 2563; x_wconf 89' lang='lat' dir='ltr'><strong>fluvium,</strong></span> <span class='ocrx_word' id='word_1_251' title='bbox 859 2528 983 2567; x_wconf 89' lang='lat' dir='ltr'><strong>quam</strong></span> <span class='ocrx_word' id='word_1_252' title='bbox 1005 2514 1128 2569; x_wconf 83' lang='lat' dir='ltr'><strong>longa</strong></span> <span class='ocrx_word' id='word_1_253' title='bbox 1151 2519 1231 2563; x_wconf 85' lang='lat' dir='ltr'><strong>est,</strong></span> <span class='ocrx_word' id='word_1_254' title='bbox 1256 2519 1374 2554; x_wconf 85' lang='lat' dir='ltr'><strong>nocte</strong></span> <span class='ocrx_word' id='word_1_255' title='bbox 1400 2517 1620 2553; x_wconf 88' lang='lat' dir='ltr'><strong>tumentem</strong></span> 
     </span>
     <span class='ocr_line' id='line_1_45' title="bbox 374 2569 1317 2622; baseline 0.001 -9"><span class='ocrx_word' id='word_1_256' title='bbox 374 2573 486 2614; x_wconf 88' lang='lat' dir='ltr'><strong>leniit</strong></span> <span class='ocrx_word' id='word_1_257' title='bbox 509 2578 550 2614; x_wconf 90' lang='lat' dir='ltr'><strong>et</strong></span> <span class='ocrx_word' id='word_1_258' title='bbox 572 2573 694 2614; x_wconf 89' lang='lat' dir='ltr'><strong>tacita</strong></span> <span class='ocrx_word' id='word_1_259' title='bbox 715 2569 888 2615; x_wconf 85' lang='lat' dir='ltr'><strong>refluens</strong></span> <span class='ocrx_word' id='word_1_260' title='bbox 913 2574 970 2615; x_wconf 89' lang='lat' dir='ltr'><strong>ita</strong></span> <span class='ocrx_word' id='word_1_261' title='bbox 993 2574 1173 2615; x_wconf 86' lang='lat' dir='ltr'><strong>substitit</strong></span> <span class='ocrx_word' id='word_1_262' title='bbox 1195 2574 1317 2622; x_wconf 91' lang='lat' dir='ltr'><strong>unda,</strong></span> 
     </span>
     <span class='ocr_line' id='line_1_46' title="bbox 375 2633 1416 2690; baseline 0 -18"><span class='ocrx_word' id='word_1_263' title='bbox 375 2633 483 2673; x_wconf 87' lang='lat' dir='ltr'><strong>mitis</strong></span> <span class='ocrx_word' id='word_1_264' title='bbox 507 2638 551 2673; x_wconf 93' lang='lat' dir='ltr'><strong>ut</strong></span> <span class='ocrx_word' id='word_1_265' title='bbox 573 2633 616 2673; x_wconf 90' lang='lat' dir='ltr'><strong>in</strong></span> <span class='ocrx_word' id='word_1_266' title='bbox 638 2648 791 2675; x_wconf 89' lang='lat' dir='ltr'><strong>morem</strong></span> <span class='ocrx_word' id='word_1_267' title='bbox 815 2634 949 2690; x_wconf 83' lang='lat' dir='ltr'><strong>stagni</strong></span> <span class='ocrx_word' id='word_1_268' title='bbox 970 2635 1234 2689; x_wconf 89' lang='lat' dir='ltr'><strong>placidaeque</strong></span> <span class='ocrx_word' id='word_1_269' title='bbox 1255 2633 1416 2688; x_wconf 85' lang='lat' dir='ltr'><strong>paludis</strong></span> 
     </span>
     <span class='ocr_line' id='line_1_47' title="bbox 376 2692 1524 2747; baseline 0 -15"><span class='ocrx_word' id='word_1_270' title='bbox 376 2698 569 2733; x_wconf 85' lang='lat' dir='ltr'><strong>sterneret</strong></span> <span class='ocrx_word' id='word_1_271' title='bbox 592 2708 742 2747; x_wconf 90' lang='lat' dir='ltr'><strong>aequor</strong></span> <span class='ocrx_word' id='word_1_272' title='bbox 765 2695 899 2747; x_wconf 88' lang='lat' dir='ltr'><strong>aquis,</strong></span> <span class='ocrx_word' id='word_1_273' title='bbox 924 2709 1035 2736; x_wconf 87' lang='lat' dir='ltr'><strong>remo</strong></span> <span class='ocrx_word' id='word_1_274' title='bbox 1058 2701 1102 2735; x_wconf 85' lang='lat' dir='ltr'><strong>ut</strong></span> <span class='ocrx_word' id='word_1_275' title='bbox 1125 2695 1328 2735; x_wconf 88' lang='lat' dir='ltr'><strong>luctamen</strong></span> <span class='ocrx_word' id='word_1_276' title='bbox 1351 2692 1524 2733; x_wconf 84' lang='lat' dir='ltr'><strong>abesset.</strong></span> 
     </span>
    </p>
   </div>
  </div>
 </body>
</html>
