1800 3106
561 282 819 321 AENEIDOS
837 282 936 319 LIB.
956 283 1025 318 XI.

110 393 192 435 tela
215 398 361 434 tenens
387 389 565 446 supplex
588 388 751 430 hostem
775 388 896 444 fugit.
922 387 1083 443 accipe,
1109 392 1250 437 testor,

110 456 207 497 diva
229 461 363 504 tuam,
388 467 495 508 quae
518 465 629 494 nunc
653 451 790 493 dubiis
815 450 1084 493 committitur
1106 449 1247 492 auris.‘

110 517 214 559 dixit
237 524 278 558 et
302 516 481 558 adducto
506 520 738 556 contortum
761 513 909 572 hastile
934 513 1088 555 lacerto

109 579 296 621 inmittit:
322 592 496 620 sonuere
520 577 677 625 undae3
701 575 892 632 rapidum
917 589 1043 631 super
1065 589 1231 618 amnem

109 641 256 683 infelix
278 640 389 696 fugit
410 640 455 682 in
478 638 613 681 iaculo
638 638 836 680 stridente
862 636 1052 680 Camilla.

110 711 153 745 at
175 701 394 752 Metabus,
418 716 572 758 magna
594 700 766 756 propius
789 700 874 742 iam
896 707 1100 756 urguente
1125 706 1302 750 caterva,

110 766 182 808 dat
206 779 299 807 sese
322 764 450 806 fluvio
473 770 598 818 atque
621 762 784 804 hastam
809 777 905 805 cum
929 762 1089 818 virgine
1112 762 1244 804 victor

110 826 345 883 gramineo,
370 826 528 868 donum
552 825 739 875 Triviae,
765 825 818 866 de
841 824 1024 880 caespite
1047 824 1175 867 vellit.

110 904 196 932 non
217 888 335 931 illum
359 887 478 931 tectis
502 887 630 938 ullae,
654 902 739 930 non
762 886 980 929 moenibus
1004 885 1130 929 urbes

112 966 328 1008 accepere,
354 965 490 1006 neque
513 950 605 1006 ipse
628 964 777 992 manus
802 949 965 991 feritate
989 949 1192 991 dedisset:

110 1020 325 1069 pastorum
350 1019 391 1055 et
415 1011 514 1055 solis
540 1011 680 1068 exegit
702 1011 916 1054 montibus
941 1026 1104 1053 aevum.

111 1077 180 1119 hic
202 1082 343 1118 natam
365 1075 410 1117 in
433 1074 570 1117 dumis
595 1074 783 1129 interque
806 1073 1017 1116 horrentia
1039 1073 1172 1116 lustra

112 1139 349 1181 armentalis
374 1152 505 1193 equae
529 1137 721 1180 mammis
746 1143 788 1178 et
810 1136 916 1178 lacte
940 1136 1075 1178 serino

113 1199 312 1252 nutribat,
337 1200 488 1243 teneris
511 1199 749 1255 inmulgens
775 1198 905 1241 ubera
927 1197 1068 1240 labris.

114 1269 242 1317 utque
266 1262 421 1318 pedum
444 1262 588 1318 primis
612 1261 752 1303 infans
776 1260 956 1317 vestigia
978 1260 1131 1316 plantis

115 1325 337 1375 institerat,
361 1324 497 1366 iaculo
520 1323 681 1380 palmas
706 1323 882 1365 armavit
905 1329 1040 1373 acuto,

118 1386 359 1444 spiculaque
383 1401 436 1428 ex
459 1385 632 1428 humero
655 1400 808 1441 parvae
834 1386 1052 1441 suspendit
1075 1391 1116 1427 et
1140 1400 1294 1427 arcum.

117 1464 193 1505 pro
217 1448 359 1490 crinali
383 1463 504 1499 auro,
528 1462 604 1504 pro
627 1447 779 1504 longae
803 1447 985 1504 tegmine
1009 1447 1144 1503 pallae

117 1510 281 1567 tigridis
307 1510 482 1552 exuviae
505 1524 581 1566 per
604 1510 775 1552 dorsum
799 1525 824 1552 a.
846 1509 1001 1551 vertice
1023 1510 1218 1565 pendent.

118 1572 202 1615 tela
225 1588 353 1615 manu
376 1573 460 1615 iam
484 1578 574 1614 tum
597 1578 738 1615 tenera
760 1572 936 1628 puerilia
959 1572 1079 1615 torsit

120 1642 161 1677 et
184 1635 358 1677 fundam
382 1635 499 1677 tereti
523 1635 679 1677 circum
703 1642 829 1691 caput
852 1635 939 1691 egit
962 1634 1138 1685 habena,

121 1696 487 1753 Strymoniamque
511 1712 658 1754 gruem
681 1703 753 1739 aut
776 1697 918 1740 album
941 1697 1091 1739 deiecit
1114 1697 1282 1739 olorem.

120 1759 275 1802 multae
298 1759 412 1801 illam
434 1759 590 1802 frustra
614 1759 832 1816 Tyrrhena
854 1774 930 1815 per
954 1759 1107 1816 oppida
1130 1766 1283 1802 matres

121 1828 315 1877 optavere
338 1837 508 1873 nurum;
534 1822 624 1864 sola
647 1829 841 1864 contenta
863 1822 1006 1864 Diana.

121 1891 336 1926 aeternum
360 1883 535 1926 telorum
560 1890 601 1926 et
623 1885 870 1941 virginitatis
895 1899 1079 1926 amorem

120 1947 365 1989 intemerata
387 1946 496 1989 colit.
521 1947 672 1989 vellem
694 1947 808 1989 haud
833 1953 1021 2003 correpta
1043 1947 1194 1989 fuisset

119 2009 266 2051 militia
289 2009 379 2060 tali,
405 2016 552 2052 conata
574 2009 778 2052 lacessere
803 2009 1009 2052 Teucros:

120 2085 217 2113 cara
239 2071 342 2113 mihi
365 2072 646 2127 comitumque
669 2071 777 2115 foret
799 2087 912 2115 nunc
934 2088 1018 2114 una
1042 2087 1240 2114 mearum,

119 2147 264 2175 verum
288 2148 384 2190 age,
409 2134 746 2189 quandoquidem
769 2134 867 2177 fatis
892 2140 1094 2191 urguetur
1117 2134 1292 2183 acerbis,

116 2194 276 2245 labere,
300 2195 514 2251 Nympha,
538 2197 654 2252 polo,
678 2197 857 2251 finisque
880 2197 1014 2239 invise
1037 2197 1230 2246 Latinos,

120 2256 250 2298 tristis
273 2256 347 2299 ubi
369 2258 552 2300 infausto
577 2259 846 2300 committitur
869 2259 1006 2301 omine
1029 2273 1186 2314 pugna.

117 2317 226 2360 haec
249 2332 350 2373 cape
375 2325 416 2360 et
437 2319 626 2361 ultricem
649 2320 842 2375 pharetra
865 2319 1062 2376 deprome
1087 2320 1300 2375 sagittam:

122 2379 220 2430 hac,
246 2380 497 2435 quicumque
521 2396 686 2423 sacrum
709 2381 874 2423 violarit
895 2381 1064 2424 volnere
1089 2396 1253 2436 corpus,

124 2441 231 2484 Tros
254 2442 490 2496 Italusque,
514 2443 616 2484 mihi
639 2444 793 2499 pariter
815 2444 886 2486 det
911 2443 1112 2500 sanguine
1135 2458 1305 2499 poenas.

123 2512 220 2558 post
243 2518 321 2560 ego
346 2504 457 2546 nube
481 2519 584 2547 cava
607 2505 867 2547 miserandae
892 2521 1042 2561 corpus
1067 2511 1109 2547 et
1132 2521 1247 2547 arma

122 2565 344 2621 inspoliata
367 2566 499 2608 feram
523 2567 701 2618 tumulo,
726 2568 965 2623 patriaeque
987 2570 1227 2623 reponam.“

125 2627 246 2678 dixit,
272 2634 314 2670 at
337 2628 408 2670 illa.
430 2628 534 2671 levis
559 2629 662 2671 caeli
686 2629 856 2685 delapsa
879 2645 954 2686 per
977 2645 1098 2672 auras

125 2689 324 2739 insonuit,
350 2690 469 2747 nigro
494 2691 747 2733 circumdata
770 2691 932 2734 turbine
957 2707 1120 2748 corpus.

183 2750 243 2792 At
267 2767 414 2795 manus
439 2753 596 2795 interca
619 2753 748 2795 muris
774 2753 957 2796 Troiana
979 2754 1228 2810 propinquat

1506 462 1571 493 560

1509 775 1572 805 565

1510 1087 1575 1117 570

1513 1400 1576 1429 575

1515 1710 1579 1742 580

1515 2022 1583 2054 585

1514 2331 1579 2362 590

1515 2643 1578 2673 595
