1794 3048
364 300 448 343 204
765 309 806 343 Ρ.
824 307 1056 346 VERGILII
1074 306 1300 344 MARONIS

365 417 406 452 et
428 410 513 451 fors
538 423 658 451 omne
681 408 822 450 datum
846 408 1050 450 traherent
1072 423 1146 463 per
1169 408 1265 450 talia
1288 414 1447 464 tempus
1455 426 1466 459 3

366 471 440 513 sed
463 485 599 512 comes
625 470 837 511 admonuit
860 469 1117 524 breviterque
1141 469 1280 511 adfata
1305 468 1463 525 Sibylla
1486 477 1565 513 est:

367 547 475 583 „nox
496 531 595 581 ruit,
620 530 784 581 Aenea3
808 546 883 573 nos
907 531 1042 573 flendo
1066 531 1252 572 ducimus
1275 531 1409 573 horas.

276 607 340 637 510
362 593 429 634 hic
451 593 565 634 locus
591 599 670 643 est,
695 593 823 647 partis
846 592 918 634 ubi
943 607 987 634 se
1010 593 1078 634 via
1100 593 1218 634 findit
1239 593 1283 634 in
1306 592 1467 635 ambas:

363 654 531 695 dextera
553 668 659 707 quae
682 653 795 695 Ditis
819 653 960 709 magni
984 653 1060 695 sub
1085 653 1248 695 moenia
1270 654 1411 704 tendit,

363 715 441 756 hac
464 715 541 756 iter
562 714 756 770 Elysium
778 714 917 765 nobis3
941 720 984 756 at
1006 715 1124 756 laeva
1147 715 1347 756 malorum

363 782 524 818 exercet
546 791 700 831 poenas
725 781 766 817 et
788 776 841 818 ad
863 776 975 831 inpia
998 776 1171 818 Tartara
1193 776 1355 818 mittit.“

361 836 608 892 Deiphobus
634 843 791 879 contra:
818 852 895 889 „ne
921 837 1050 887 saevi,
1076 852 1227 893 magna
1251 837 1461 888 sacerdos3

275 913 338 943 545
362 898 589 948 discedam,
617 898 791 954 explebo
815 913 1029 940 numerum
1052 899 1279 953 reddarque
1303 899 1492 940 tenebris.

360 960 376 1002 i
399 960 544 1010 decus,
569 960 602 1010 i,
627 965 831 1010 nostrum3
855 960 1090 1002 melioribus
1114 966 1228 1001 utere
1251 959 1387 1001 fatis.“

362 1028 522 1063 tantum
546 1021 694 1063 effatus
719 1027 760 1063 et
782 1022 826 1063 in
848 1021 974 1064 verbo
997 1022 1173 1077 vestigia
1194 1022 1355 1077 pressit.

417 1082 603 1138 Respicit
625 1081 813 1133 Aeneas,
840 1082 975 1124 subito
1000 1090 1040 1124 et
1064 1083 1140 1124 sub
1163 1097 1264 1137 rupe
1289 1082 1452 1124 sinistra

361 1144 523 1185 moenia
545 1143 628 1185 lata
650 1143 779 1194 videt,
805 1143 951 1199 triplici
975 1144 1223 1185 circumdata
1245 1158 1374 1193 muro,

274 1219 338 1249 550
361 1219 466 1259 quae
489 1205 656 1260 rapidus
681 1205 855 1247 flammis
885 1205 1013 1247 ambit
1035 1204 1281 1246 torrentibus
1306 1205 1449 1254 amnis,

362 1266 583 1308 Tartareus
606 1266 883 1322 Phlegethon,
909 1271 1149 1320 torquetque
1174 1266 1359 1307 sonantia
1383 1281 1494 1307 saxa.

361 1333 479 1383 porta
502 1328 674 1369 adversa
697 1328 842 1383 ingens
868 1327 1079 1381 solidoque
1103 1327 1318 1369 adamante
1342 1327 1566 1376 columnae,

362 1389 424 1431 vis
449 1395 494 1430 ut
516 1388 629 1430 nulla
651 1388 801 1438 virum,
825 1403 908 1430 non
930 1388 1011 1443 ipsi
1034 1388 1272 1429 exscindere
1296 1388 1402 1430 ferro

363 1450 577 1492 caelicolae
601 1449 781 1500 valeant3
807 1455 888 1491 stat
910 1449 1042 1491 ferrea
1066 1449 1186 1491 turris
1211 1449 1264 1490 ad
1287 1464 1420 1499 auras,

275 1526 339 1556 555
364 1511 670 1566 Tisiphoneque
695 1511 862 1561 sedens,
885 1511 996 1566 palla
1020 1510 1226 1552 succincta
1249 1516 1427 1560 cruenta,

363 1572 613 1615 vestibulum
637 1572 843 1614 exsomnis
869 1578 1004 1614 servat
1026 1578 1249 1626 noctesque
1273 1572 1455 1626 diesque.

363 1634 458 1676 hinc
483 1634 665 1675 exaudiri
687 1634 864 1689 gemitus
889 1639 930 1675 et
953 1648 1077 1676 saeva
1100 1647 1245 1675 sonare

362 1695 551 1746 verbera;
575 1701 662 1737 tum
686 1696 834 1738 stridor
856 1695 952 1737 ferri
975 1701 1208 1750 tractaeque
1232 1700 1412 1737 catenae.

365 1757 545 1799 constitit
568 1755 735 1799 Aeneas
761 1757 1012 1812 strepituque
1036 1756 1250 1799 exterritus
1273 1756 1417 1798 haesit.

274 1832 339 1862 560
365 1832 496 1872 „quae
520 1818 720 1859 scelerum
743 1818 895 1860 facies?
918 1833 943 1860 o
966 1818 1100 1874 virgo,
1127 1818 1270 1869 effare3
1295 1817 1496 1871 quibusve

362 1884 589 1935 urguentur
609 1879 779 1934 poenis?
802 1879 893 1933 quis
918 1885 1055 1921 tantus
1079 1879 1254 1934 plangor
1276 1879 1329 1920 ad
1352 1879 1527 1920 auras?“

363 1946 452 1980 tum
474 1945 589 1981 vates
615 1939 674 1981 sic
697 1954 791 1981 orsa
812 1940 945 1993 loqui:
972 1941 1083 1991 „dux
1104 1940 1256 1981 inclute
1281 1939 1499 1989 Teucrum,

363 2001 466 2042 nulli
489 2000 552 2042 fas
577 2007 691 2043 casto
716 2001 958 2042 sceleratum
981 2001 1168 2042 insistere
1191 2001 1333 2051 limen3

366 2062 440 2104 sed
461 2076 527 2103 me
551 2076 646 2103 cum
668 2062 772 2104 lucis
797 2062 957 2104 Hecate
979 2062 1178 2117 praefecit
1200 2061 1394 2112 Avernis‚

276 2137 340 2168 565
362 2123 454 2178 ipsa
477 2123 602 2164 deum
623 2137 777 2178 poenas
802 2123 957 2173 docuit,
982 2137 1134 2178 perque
1158 2123 1294 2165 omnia
1317 2123 1444 2164 duxit.

366 2183 550 2227 Gnosius
574 2184 676 2226 haec
698 2184 1038 2226 Rhadamanthus
1062 2184 1187 2226 habet
1209 2184 1429 2226 durissima
1451 2198 1593 2240 regna,

365 2246 620 2302 castigatque
642 2246 837 2300 auditque
860 2246 996 2296 dolos,
1023 2245 1255 2301 subigitque
1278 2245 1413 2295 fateri,

367 2321 472 2362 quae
495 2307 587 2361 quis
611 2307 724 2362 apud
747 2322 935 2362 superos,
960 2306 1069 2349 furto
1091 2307 1265 2348 laetatus
1289 2306 1414 2356 inani,

368 2367 525 2410 distulit
546 2367 591 2409 in
614 2382 747 2410 seram
770 2368 990 2410 commissa
1011 2368 1173 2423 piacula
1195 2373 1379 2409 mortem.

278 2443 342 2474 570
366 2429 557 2471 continuo
582 2429 710 2471 sontis
734 2429 858 2471 ultrix
881 2429 1063 2471 accincta
1085 2429 1247 2485 flagello

366 2490 592 2546 Tisiphone
616 2490 746 2544 quatit
767 2490 986 2541 insultans,
1011 2496 1230 2544 torvosque
1255 2490 1419 2532 sinistra

365 2552 570 2594 intentans
595 2552 741 2607 anguis
765 2557 886 2594 vocat
908 2552 1073 2608 agmina
1097 2566 1221 2593 saeva
1244 2565 1438 2593 sororum.

367 2619 454 2654 tum
477 2613 643 2654 demum
666 2613 878 2656 horrisono
903 2614 1118 2656 stridentes
1143 2613 1304 2655 cardine
1328 2626 1466 2653 sacrae

367 2674 601 2728 panduntur
622 2681 776 2729 portae.
801 2675 932 2717 cernis
957 2675 1142 2718 custodia
1164 2674 1295 2728 qualis

279 2747 344 2778 575
368 2734 569 2776 vestibulo
594 2735 758 2776 sedeat?
781 2735 907 2778 facies
931 2750 1036 2790 quae
1058 2735 1199 2776 limina
1223 2733 1379 2776 servet?
