1820 3080
310 541 374 572 890

307 844 371 875 895

308 1147 371 1177 900

307 1450 369 1479 905

347 2299 367 2328 5

327 2602 367 2632 10

399 299 481 340 298
800 309 840 342 P.
861 307 1090 343 VERGILII
1110 305 1332 344 MARONIS

399 409 526 449 multa
549 421 716 449 movens
741 407 876 448 animo
899 407 981 449 iam
1004 407 1168 448 tandem
1193 408 1367 462 erumpit
1390 415 1430 450 et
1453 410 1556 452 inter

399 468 602 510 bellatoris
627 468 721 521 equi
745 482 846 509 cava
868 474 1052 522 tempora
1075 468 1223 509 conicit
1245 468 1417 510 hastam.

398 529 500 570 tollit
523 543 567 570 se
591 533 791 569 arrectum
814 528 1046 582 quadrupes
1071 534 1111 569 et
1134 528 1312 570 calcibus
1337 545 1455 571 auras

396 589 600 639 verberat,
626 589 884 642 effusumque
908 589 1087 642 equitem
1111 603 1233 644 super
1255 590 1344 645 ipse
1368 598 1530 633 secutus

395 649 578 704 inplicat,
605 649 814 702 eiectoque
837 649 1035 691 incumbit
1058 664 1232 691 cernuus
1257 665 1381 692 armo.

396 710 571 751 clamore
594 709 815 751 incendunt
837 710 996 752 caelum
1019 710 1231 764 Troesque
1255 711 1488 765 Latinique.

395 770 559 812 advolat
580 769 765 820 Aeneas,
790 771 1021 825 vaginaque
1044 772 1162 826 eripit
1185 786 1338 822 ensem,

396 837 437 872 et
460 846 582 886 super
603 831 724 873 haec:
751 831 847 883 „ubi
870 847 980 874 nunc
1001 832 1235 874 Mezentius
1260 846 1353 874 acer
1376 839 1416 874 et
1438 833 1507 875 illa

395 892 521 934 effera
542 893 606 934 vis
629 893 808 934 animi?“
835 899 976 935 contra
1000 893 1257 948 Tyrrhenus,
1282 900 1328 935 ut
1351 909 1470 936 auras

396 953 623 1008 suspiciens
647 953 785 995 hausit
809 953 968 995 caelum
991 960 1249 1008 mentemque
1271 955 1442 1009 recepit:

397 1013 551 1064 „hostis
576 1029 730 1064 amare,
756 1015 854 1067 quid
876 1015 1093 1070 increpitas
1117 1021 1369 1069 mortemque
1393 1017 1584 1058 minaris?

394 1074 550 1115 nullum
572 1075 615 1115 in
638 1075 762 1116 caede
785 1075 922 1125 nefas,
947 1090 1024 1117 nec
1048 1077 1107 1117 sic
1130 1077 1183 1117 ad
1206 1076 1359 1130 proelia
1381 1077 1493 1127 veni3

393 1148 470 1176 nec
493 1141 627 1177 tecum
650 1149 766 1176 meus
789 1135 892 1178 haec
914 1136 1072 1192 pepigit
1094 1136 1194 1177 mihi
1216 1137 1383 1178 foedera
1404 1137 1584 1179 Lausus.

394 1210 521 1236 unum
544 1195 641 1245 hoc,
666 1210 757 1250 per,
784 1197 819 1238 si
842 1210 923 1250 qua
947 1203 1009 1238 est
1031 1197 1149 1238 victis
1173 1197 1293 1238 venia
1315 1197 1520 1247 hostibus,
1547 1213 1635 1240 oro:

395 1270 542 1310 corpus
566 1256 691 1298 humo
714 1257 868 1311 patiare
892 1257 988 1312 tegi.
1015 1257 1099 1298 scio
1124 1257 1272 1298 acerba
1294 1272 1478 1299 meorum

395 1317 655 1358 circumstare
679 1318 789 1358 odia:
814 1317 940 1367 hunc,
967 1332 1056 1367 oro,
1082 1317 1256 1358 defende
1280 1317 1460 1359 furorem

394 1383 435 1417 et
457 1391 522 1418 me
546 1383 775 1419 consortem
797 1378 882 1418 nati
906 1378 1084 1419 concede
1110 1378 1364 1432 sepulchro.“

394 1437 495 1478 haec
517 1437 712 1490 loquitur,
736 1438 958 1492 iuguloque
981 1438 1092 1479 haud
1114 1439 1267 1480 inscius
1292 1439 1439 1493 accipit
1462 1454 1612 1489 ensem,
1672 1434 1674 1437 ¹

394 1498 643 1551 undantique
667 1499 844 1540 animam
867 1499 1059 1540 diffundit
1081 1499 1124 1540 in
1147 1514 1260 1541 arma
1283 1514 1434 1542 cruore.

798 1781 1327 1834 AENEIDOS

877 1933 1132 1970 LIBER
1177 1934 1251 1970 XI.

451 2042 666 2086 Oceanum
689 2044 843 2085 interea
867 2059 1039 2099 surgens
1062 2044 1226 2086 Aurora
1249 2046 1428 2098 reliquit:

391 2103 574 2155 Aeneas,
600 2119 847 2158 quamquam
871 2111 912 2146 et
935 2106 1054 2147 sociis
1079 2106 1175 2147 dare
1199 2113 1360 2161 tempus
1384 2106 1599 2148 humandis

391 2165 657 2219 praecipitant
680 2180 818 2215 curae,
844 2165 1086 2219 turbataque
1110 2167 1251 2207 funere
1274 2181 1389 2208 mens
1414 2173 1488 2217 est,

391 2232 486 2267 vota
508 2227 631 2267 deum
653 2227 784 2280 primo
808 2227 936 2268 victor
960 2227 1143 2268 solvebat
1167 2242 1254 2269 eoo.

390 2287 596 2341 ingentem
620 2301 813 2340 quercum
838 2288 985 2329 decisis
1009 2289 1189 2342 undique
1212 2289 1335 2330 ramis

391 2347 598 2388 constituit
622 2347 795 2397 tumulo,
820 2348 1098 2403 fulgentiaque
1122 2349 1253 2390 induit
1276 2364 1400 2399 arma,

389 2407 572 2449 Mezenti
595 2408 710 2449 ducis
735 2409 921 2459 exuvias,
947 2409 1037 2460 tibi,
1063 2425 1228 2465 magne,
1254 2416 1477 2465 tropaeum,

390 2468 650 2523 bellipotens3
675 2475 788 2524 aptat
809 2476 992 2512 rorantes
1017 2471 1215 2526 sanguine
1240 2471 1382 2512 cristas

392 2530 552 2583 telaque
576 2538 718 2572 trunca
740 2531 816 2572 viri
840 2538 880 2572 et
903 2531 965 2572 bis
990 2546 1064 2573 sex
1086 2532 1252 2574 thoraca
1274 2533 1444 2587 petitum

389 2591 702 2645 perfossumque
725 2591 843 2641 locis,
869 2591 1124 2646 clipeumque
1148 2607 1200 2634 ex
1222 2607 1315 2634 aere
1339 2592 1524 2634 sinistrae

391 2650 569 2706 subligat
591 2658 714 2705 atque
737 2666 879 2693 ensem
902 2652 1007 2694 collo
1032 2653 1244 2708 suspendit
1267 2652 1477 2694 eburnum‚

391 2717 477 2751 tum
502 2712 650 2762 socios,
676 2727 852 2766 namque
877 2713 1007 2755 omnis
1032 2729 1125 2755 eum
1149 2714 1296 2768 stipata
1318 2712 1482 2767 tegebat
