1800 3080
761 291 902 328 CIBIS.
1428 282 1513 325 373

145 416 229 443 non
252 399 459 442 thalamus
485 397 614 454 Tyrio
638 396 827 454 fragrans
853 397 1012 453 aceepit
1037 411 1214 447 amomo,

144 462 282 505 nullae
305 462 420 504 illam
444 461 584 503 sedes:
610 459 711 515 quid
736 459 845 501 enim
869 474 966 501 cum
990 458 1159 502 sedibus
1182 458 1268 501 illi?

144 538 251 578 quae
276 523 399 566 simul
424 529 470 564 ut
494 536 586 564 sese
611 536 715 564 cano
739 521 791 563 de
815 521 980 578 gurgite
1003 521 1127 564 velox

145 601 238 628 cum
265 585 403 627 sonitu
426 585 480 626 ad
504 584 666 626 eaelum
691 583 959 626 stridentibus
985 584 1133 626 extulit
1155 583 1232 626 alis
1532 598 1597 630 515

140 655 186 690 et
208 647 386 689 multum
408 646 491 688 late
516 646 711 702 dispersit
734 646 778 688 in
801 661 982 701 aequora
1004 661 1153 698 rorem,

144 710 289 751 infelix
311 709 431 766 virgo
455 708 709 764 nequiquam
733 723 759 750 a
782 715 913 751 morte
936 715 1104 765 recepta

142 771 345 814 incultum
370 770 470 813 solis
493 771 538 812 in
560 770 734 826 rupibus
760 770 891 828 exigit
913 785 1074 823 aevom,

142 832 315 890 rupibus
341 839 382 875 et
406 832 588 889 scopulis
613 839 655 875 et
677 832 866 875 litoribus
891 833 1078 875 desertis.

143 910 221 938 nee
244 901 384 937 tamen
406 894 486 937 hoe
509 895 660 936 iterum
681 909 818 951 poena
842 894 950 937 sine:
974 910 1155 951 namque
1179 895 1304 937 deum
1328 909 1415 946 rex,
1537 907 1605 939 520

144 957 284 1000 omnia
307 957 381 1012 qui
403 957 577 1013 imperio
602 963 803 999 terrarum
826 957 941 999 milia
963 964 1116 1009 versat,

143 1026 375 1062 commotus
399 1019 526 1061 talem
549 1016 604 1060 ad
627 1033 800 1075 superos
825 1019 998 1062 volitare
1021 1020 1218 1076 puellam,

142 1082 242 1123 dum
264 1086 384 1137 pater
406 1080 635 1123 exstinctus
660 1095 785 1123 caeca
809 1080 888 1123 sub
912 1087 1033 1123 noete
1056 1081 1215 1133 lateret,

141 1143 200 1185 illi
223 1158 299 1199 pro
321 1143 476 1199 pietate
502 1157 579 1185 sua
602 1168 658 1173 —
681 1158 779 1184 nam
804 1157 930 1199 saepe
953 1143 1159 1185 nitentum

142 1205 345 1262 sanguine
369 1211 581 1247 taurorum
605 1204 783 1261 supplex
805 1211 1062 1261 resperserat
1084 1221 1191 1257 aras,
1538 1218 1602 1250 525

143 1282 267 1323 saepe
291 1267 417 1309 deum
439 1267 557 1324 largo
581 1267 796 1309 decorarat
818 1282 990 1310 munere
1015 1268 1135 1310 sedes
1160 1293 1215 1299 —

141 1329 321 1370 reddidit
344 1333 528 1384 optatam
551 1334 710 1371 mutato
735 1343 906 1385 corpore
930 1330 1071 1380 vitam,

143 1391 322 1446 fecitque
346 1390 390 1432 in
413 1391 531 1433 terris
555 1390 784 1433 haliaeetus
809 1391 895 1433 ales
918 1398 966 1433 ut
989 1398 1118 1434 esset:

142 1453 296 1509 quippe
320 1453 469 1508 aquilis
495 1467 659 1509 semper
681 1453 838 1509 gaudet
860 1454 964 1496 deus
988 1454 1058 1496 ille
1081 1469 1292 1496 coruscus.

141 1517 239 1558 huie
261 1530 361 1558 vero
385 1515 581 1567 miserae,
607 1516 804 1571 quoniam
829 1516 1025 1559 damnata
1048 1517 1221 1559 deorum
1538 1530 1603 1562 530

141 1579 294 1621 iudicio
317 1579 531 1635 patrisque
555 1585 597 1621 et
620 1579 809 1635 coniugis
835 1586 929 1622 ante
953 1579 1116 1631 fuisset,

141 1641 283 1683 infesti
306 1642 501 1698 adposuit
524 1642 667 1684 odium
691 1642 857 1684 crudele
880 1643 1076 1698 parentis.

142 1718 340 1759 namque,
366 1710 412 1746 ut
434 1704 479 1746 in
502 1704 684 1747 aetherio
710 1705 925 1761 signorum
949 1721 1118 1748 munere
1142 1714 1372 1762 praestans,

141 1781 271 1807 unum
295 1780 420 1820 quem
445 1766 600 1822 duplici
624 1766 836 1809 stellarum
861 1767 994 1810 sidere
1018 1768 1116 1819 vidi,

144 1827 343 1884 Scorpius
369 1828 536 1870 alternis
561 1828 717 1870 clarum
742 1829 862 1886 fugat
887 1828 1060 1882 Oriona,
1537 1843 1602 1874 535>

142 1890 203 1931 sie
225 1890 332 1932 inter
356 1905 448 1933 sese
473 1890 611 1933 tristes
634 1891 862 1934 haliaeetus
887 1892 970 1935 iras

142 1959 183 1993 et
207 1952 301 1994 ciris
325 1953 500 1995 memori
525 1960 692 1995 servant
715 1955 768 1996 ad
793 1955 959 1997 saecula
982 1955 1082 1998 fato.

141 2028 402 2069 quacumque
426 2014 498 2056 illa
519 2015 656 2057 levem
680 2016 846 2072 fugiens
873 2024 987 2059 secat
1011 2032 1108 2060 aera
1130 2018 1291 2073 pennis,

142 2091 238 2118 ecee
261 2076 452 2119 inimicus
477 2083 596 2120 atrox
618 2093 772 2135 magno
798 2079 973 2122 stridore
996 2095 1072 2136 per
1095 2095 1217 2122 auras

141 2139 371 2194 insequitur
393 2139 521 2182 Nisus
529 2157 541 2192 ;
567 2155 651 2195 qua
675 2156 720 2183 se
745 2141 826 2183 fert
847 2142 976 2184 Nisus
1002 2143 1055 2184 ad
1078 2158 1215 2194 auras,
1533 2156 1598 2187 540

141 2201 211 2243 illa
233 2201 368 2244 levem
392 2202 558 2258 fugiens
581 2203 731 2259 raptim
757 2210 871 2246 secat
894 2219 990 2246 aera
1012 2205 1172 2260 pennis.
