1768 3054
534 655 954 700 PRAEFATIO.

127 840 157 881 ξ.
178 838 210 872 1.
245 835 389 871 Ennius
408 835 543 870 Plauto
563 839 688 870 aetate
708 846 847 881 suppar
867 847 978 881 quum
998 835 1122 871 medio
1143 837 1296 871 saeculo
1316 839 1420 871 sexto

59 890 214 925 Romam
227 887 411 932 venisset,
437 886 628 922 heroicum
646 897 796 922 versum
808 886 950 932 primus
962 886 1000 921 in
1021 886 1193 922 omnibus
1207 886 1287 922 fere
1299 886 1346 921 iis
1359 897 1422 932 ge—

57 941 211 977 neribus
235 939 362 985 poesis
381 937 572 984 adhibuit,
596 938 635 973 in
654 938 793 984 quibus
816 943 951 984 postea
970 938 1129 973 Romani
1153 937 1421 973 inclaruerunt.

58 993 153 1028 Nam
172 995 210 1026 et
228 990 363 1027 satiras
383 989 549 1035 scripsit,
576 1000 733 1036 quarum
751 1000 836 1024 mox
855 989 963 1036 quasi
983 989 1086 1025 alter
1105 989 1279 1024 conditor
1295 988 1422 1024 factus

57 1047 116 1079 est
133 1041 321 1087 Lucilius,
346 1044 386 1077 et
403 1040 442 1076 in
461 1040 568 1086 epico
595 1040 861 1087 didacticoque
886 1051 1024 1086 genere
1050 1039 1104 1075 ita
1127 1039 1354 1084 elaboravit,
1379 1042 1422 1073 ut

58 1094 169 1129 etiam
187 1096 275 1139 post
293 1103 463 1128 eversam
481 1091 751 1137 rempublicam
769 1102 846 1126 non
865 1091 1043 1127 deessent
1060 1091 1124 1137 qui
1143 1091 1321 1136 operibus
1340 1090 1421 1125 eius

56 1143 210 1179 mirifice
230 1143 527 1187 delectarentur,
548 1153 707 1188 eumque
727 1142 861 1178 ceteris
882 1142 946 1189 qui
963 1146 1099 1188 postea
1117 1141 1277 1178 floruere
1296 1141 1420 1187 poetis

55 1195 244 1242 praeferre
277 1204 354 1229 non
384 1193 610 1228 dubitarent.
670 1192 887 1228 Constantis
912 1193 1022 1228 huius
1053 1193 1194 1228 favoris
1220 1203 1356 1228 caussa
1379 1196 1423 1226 ut

56 1245 212 1281 maxime
231 1245 268 1279 in
289 1256 430 1279 summo
450 1248 586 1289 poetae
605 1243 777 1290 ingenio,
804 1255 878 1291 quo
898 1255 1006 1280 nemo
1020 1244 1141 1290 magis
1154 1255 1329 1290 umquam
1349 1242 1421 1288 spi-

56 1297 166 1332 rabat
184 1297 346 1332 animum
365 1296 477 1342 plane
491 1296 718 1341 Romanum,
745 1295 818 1331 sita
829 1296 948 1331 fuisse
962 1296 1126 1341 videtur,
1150 1295 1204 1331 ita
1221 1295 1354 1331 eadem
1373 1295 1420 1329 de

57 1359 192 1383 caussa
203 1347 346 1383 factum
359 1350 435 1392 est,
460 1350 503 1381 ut
513 1357 589 1382 non
603 1347 722 1393 magis
737 1358 848 1393 quam
862 1347 900 1382 in
913 1347 1048 1383 Plauto
1063 1346 1298 1382 offenderent
1310 1346 1348 1381 in
1361 1345 1420 1390 iis,

56 1410 151 1444 quae
164 1397 353 1433 horridius
367 1401 407 1433 et
425 1397 553 1432 durius
567 1398 615 1433 ab
636 1409 681 1433 eo
696 1398 799 1433 dicta
812 1397 931 1434 videri
949 1402 1117 1444 possent.
1130 1425 1135 1429 ⁴
1166 1397 1278 1440 Quod
1290 1396 1421 1432 vitium

56 1449 256 1485 emendare
271 1449 496 1484 studuerunt
502 1453 640 1495 poetae
655 1449 797 1484 saeculi
812 1450 972 1496 septimi,
993 1449 1080 1485 dum
1094 1449 1220 1484 omnia
1232 1449 1282 1484 ad
1296 1451 1420 1484 certae

54 1501 208 1546 regulae
222 1500 461 1535 severitatem
475 1500 688 1546 exigebant.
737 1501 820 1543 Quo
834 1501 872 1536 in
885 1511 1040 1536 numero
1053 1500 1253 1536 habendus
1267 1504 1341 1544 est,
1357 1498 1421 1545 qui

55 1551 159 1586 solus
171 1550 283 1586 nobis
301 1554 425 1586 exstat
435 1561 533 1596 pene
551 1551 718 1598 integer,
743 1551 963 1597 Lucretius,
989 1556 1031 1587 ut
1043 1551 1287 1587 Ciceronibus
1301 1550 1421 1585 visum

54 1606 129 1646 est,
153 1612 230 1637 non
243 1600 370 1636 multis
388 1601 676 1655 illeJuminibus
698 1602 858 1648 ingenii,
883 1603 1024 1639 multae
1044 1607 1169 1638 tamen
1188 1602 1297 1646 artis,
1322 1611 1420 1647 quae

53 1655 198 1698 quanta
222 1651 375 1697 fuisset,
404 1663 507 1688 nunc
534 1653 682 1689 demum
702 1653 937 1689 Lachmanui
957 1654 1165 1699 sagacitate
1186 1652 1419 1698 patefactum

54 1707 122 1738 est.
168 1702 219 1737 Hi
244 1706 368 1738 autem
392 1706 529 1748 poetae
555 1714 702 1748 omncs,
731 1715 957 1750 quamquam
975 1705 1064 1739 lima
1089 1708 1128 1739 et
1148 1715 1238 1738 cura
1258 1703 1420 1737 Ennium

54 1758 336 1799 superaverunt,
351 1753 527 1788 tamenin
541 1765 585 1789 eo
592 1765 773 1799 peccasse
785 1754 971 1799 videntur,
986 1756 1102 1800 quod,
1118 1755 1204 1789 dum
1218 1765 1277 1789 res
1290 1757 1419 1799 gestas

53 1807 231 1838 enarrant
249 1807 315 1838 aut
333 1803 526 1839 doctrinas
543 1803 857 1850 philosophorum
876 1810 1069 1850 exponunt
1081 1809 1147 1840 aut
1165 1805 1203 1839 in
1223 1815 1344 1839 rerum
1356 1815 1419 1838 na-

52 1852 226 1888 turalium
252 1854 505 1900 descriptione
529 1860 744 1898 versantur,
777 1855 928 1901 saepius
953 1856 1002 1890 ad
1026 1855 1065 1890 id
1089 1866 1209 1901 genus
1237 1854 1419 1889 orationis

53 1903 200 1949 delapsi
225 1907 330 1949 sunt,
356 1915 430 1950 quo
463 1904 621 1950 prosarii
648 1905 851 1950 scriptores
875 1904 1097 1941 utebantur:
1126 1917 1254 1940 rursus
1280 1909 1418 1949 autem,

51 1954 207 1990 maxime
221 1953 259 1989 in
273 1954 452 2001 exordiis,
479 1954 658 2001 epilogis,
686 1956 721 1991 di
725 1956 997 2002 gressionibus„
1030 1956 1068 1990 in
1081 1956 1221 1991 laetum
1234 1966 1280 1991 ac
1294 1955 1402 1990 sinuo
1416 1976 1420 1979 -

52 2016 133 2040 sum
152 2005 302 2041 dicendi
319 2016 441 2052 genus
459 2006 691 2052 metaphoris
712 2006 923 2053 ceterisque
942 2006 1144 2042 luminibus
1165 2005 1345 2042 orationis
1366 2006 1418 2040 di-

52 2055 227 2091 stinctum
252 2067 335 2092 sese
362 2056 593 2103 extulerunt,
620 2058 722 2103 quod
741 2057 872 2092 mirum
897 2062 1078 2104 quantum
1103 2057 1346 2103 discrepabat
1370 2058 1418 2092 ab

52 2106 290 2152 simplicitate
309 2109 348 2142 et
366 2106 536 2143 siccitate
557 2111 705 2144 ceterae
731 2108 924 2144 orationis.
972 2109 1073 2144 Hinc
1090 2113 1220 2144 natum
1237 2109 1420 2144 tumidum

53 2157 153 2192 istud
171 2161 211 2192 et
228 2157 344 2203 exile,
371 2169 446 2204 quo
467 2158 610 2204 duplici
628 2159 718 2194 vitio
745 2160 1013 2205 premebantur
1035 2159 1206 2206 plerique
1225 2159 1252 2194 ii
1270 2163 1419 2206 poetae.

51 2207 130 2243 Iam
144 2208 207 2254 qui
219 2208 360 2255 primus
374 2213 412 2244 et
424 2209 472 2244 ab
485 2209 552 2245 illa
566 2221 678 2257 quam
693 2210 851 2246 diximus
864 2211 1019 2257 regulae
1035 2211 1234 2246 severitate
1247 2209 1417 2254 recessit,

51 2258 268 2306 auriumque
293 2259 432 2295 iudicio
458 2272 570 2307 quam
593 2261 690 2308 legis
717 2262 954 2298 constantiae
980 2263 1242 2309 obtemperare
1267 2262 1419 2308 saepius

52 2309 200 2354 maluit,
225 2320 446 2357 omnemque
460 2311 664 2348 dictionem
677 2317 754 2348 tam
769 2314 905 2349 callide
918 2314 1160 2359 temperavit,
1181 2318 1224 2348 ut
1236 2313 1360 2348 mollis
1374 2324 1419 2348 ac

53 2358 200 2394 facetae
217 2359 242 2394 i.
263 2371 294 2395 e.
314 2371 382 2404 per
400 2372 529 2397 omnes
552 2367 681 2408 partes
701 2364 953 2411 aequabiliter
975 2365 1084 2400 fusae
1104 2364 1286 2400 orationis
1305 2364 1418 2399 laude

53 2414 297 2445 exornaretur
310 2421 333 2445 a
345 2421 486 2446 summo
499 2417 615 2458 poeta
628 2413 834 2461 criticoque
844 2442 854 2460 ,
877 2415 918 2450 P.
931 2416 1124 2462 Vergilius
1137 2415 1244 2450 Maro
1265 2414 1418 2450 exstitit.

51 2459 173 2494 Huius
187 2460 303 2506 igitur
325 2460 401 2496 iam
413 2461 527 2497 vitam
545 2464 822 2510 enarrabimus,
849 2465 969 2500 secuti
979 2465 1144 2500 Probum
1164 2469 1202 2500 et
1212 2465 1417 2508 Donatum,

53 2522 209 2557 quorum
223 2512 286 2547 hic
304 2516 343 2548 et
359 2512 521 2558 plurima
539 2525 585 2549 ex
598 2513 779 2551 Suetonio
793 2516 937 2561 hausit,
962 2527 1086 2562 neque
1099 2520 1256 2562 propter
1268 2515 1417 2561 ineptos

52 2563 234 2608 quosdam
261 2563 324 2609 qui
343 2563 379 2598 ei
397 2565 516 2599 assuti
530 2569 617 2599 sunt
635 2577 782 2611 pannos
797 2567 933 2613 dignus
954 2571 1013 2603 est
1026 2567 1103 2612 cui,
1131 2567 1233 2613 quod
1246 2566 1415 2612 plerique

53 2614 280 2650 recentiores
295 2614 438 2661 fecere,
452 2615 566 2651 fidem
579 2617 859 2664 denegcxnus.÷÷)

85 2710 113 2739 ι)
132 2710 211 2743 Quae
223 2713 328 2738 Donati
343 2715 371 2737 ct
383 2713 467 2738 Probi
486 2715 600 2740 nominc
614 2715 708 2740 scrun—
756 2716 836 2741 randi
854 2723 944 2746 genus
962 2716 1045 2741 facile
1070 2716 1280 2747 agnoscendum
1301 2715 1415 2740 uba-rius

51 2751 96 2774 tur
107 2750 181 2775 dune
189 2750 306 2782 Vergilii
319 2753 394 2777 vitae
407 2760 586 2779 communem
601 2754 707 2779 sontem
755 2755 1127 2786 persequituri-*.Gronovius
1136 2757 1163 2780 in
1171 2756 1412 2780 adnomuoneuo-

52 2788 156 2814 hubent
163 2790 338 2819 Suetonium.
354 2794 433 2818 cuius
440 2793 595 2818 dictionem
608 2796 637 2818 et
644 2800 707 2819 nar·
756 2795 887 2820 nminnue
900 2796 977 2820 vitae
990 2796 1062 2827 apud
1079 2796 1280 2823 lhu'inannum.
1306 2794 1350 2820 Ae
1365 2793 1414 2820 cl.
