1800 3106
0 2595 3 2598 '
0 2362 25 2586 'W-hfi·-„·>e·3.„‚„
22 2344 24 2347 ⁴

610 325 869 365 AENEIDOS
888 325 986 361 LIB.
1008 325 1094 360 XII.
1453 321 1536 363 323

167 434 341 477 sublatis
366 433 525 490 aperire
550 432 676 484 dolis3
703 430 826 475 simul
849 430 929 473 hoc
953 430 1090 472 animo
1114 430 1252 473 hauri:

165 511 232 539 me
255 503 396 538 natam
420 495 524 538 nulli
546 502 734 537 veterum
759 494 917 536 sociare
941 507 1162 549 procorum

165 560 230 601 fas
256 565 361 610 erat,
386 558 514 613 idque
537 572 682 601 omnes
708 557 877 612 divique
900 556 1174 611 hominesque
1200 556 1416 600 canebant.

164 621 298 663 victus
324 635 465 663 amore
489 620 569 671 tui,
595 626 774 677 cognato
799 618 1003 675 sanguine
1026 619 1164 661 victus

164 684 352 741 coniugis
378 690 419 726 et
440 689 625 726 maestae
648 682 829 725 lacrimis
853 681 991 724 vincla
1014 682 1154 724 omnia
1177 682 1289 738 rupi:
1562 697 1605 727 30

164 747 413 803 promissam
438 745 571 802 eripui
593 759 767 802 genero,
793 759 908 786 arma
931 744 1046 800 inpia
1070 745 1244 800 sumpsi.

165 824 219 851 ex
241 809 312 851 illo
337 808 409 862 qui
433 822 500 850 me
526 822 667 859 casus,
694 821 820 862 quae,
847 807 1008 858 Turne,
1036 813 1265 861 sequantur
1304 832 1310 838 ·

161 871 267 914 bella
294 870 430 920 vides,
456 875 633 924 quantos
657 870 816 925 primus
842 869 1000 924 patiare
1025 868 1203 911 labores.

165 933 229 976 bis
254 948 408 990 magna
433 932 530 974 victi
553 947 697 989 pugna
720 932 792 974 vix
815 931 918 974 urbe
943 937 1109 973 tuemur

164 1011 261 1053 spes
286 995 436 1045 Italas3
459 995 644 1037 recalent
667 1001 809 1037 nostro
834 994 1034 1036 Tiberina
1057 994 1214 1036 fluenta
1564 1010 1605 1040 35

162 1057 364 1114 sanguine
389 1056 544 1108 adhuc,
571 1057 791 1112 campique
814 1056 1005 1113 ingentes
1030 1057 1197 1100 ossibus
1223 1057 1375 1099 albent.

161 1135 243 1175 quo
266 1119 425 1162 referor
447 1119 624 1162 totiens?
647 1134 755 1175 quae
778 1126 961 1162 mentem
985 1120 1149 1162 insania
1171 1121 1331 1162 mutat?

163 1183 199 1224 si
222 1182 365 1224 Turno
390 1182 595 1224 exstincto
621 1182 756 1225 socios
782 1197 876 1224 sum
900 1182 1062 1225 adscire
1087 1189 1270 1238 paratus,

162 1261 236 1287 cur
258 1260 342 1287 non
365 1245 563 1287 ineolumi
587 1245 725 1301 potius
750 1245 977 1287 certamina
1001 1246 1127 1288 tollo?

163 1307 264 1361 quid
287 1307 587 1363 consanguinei
610 1307 775 1358 Rutuli,
800 1307 902 1362 quid
926 1314 1065 1349 cetera
1088 1308 1198 1349 dicet
1562 1323 1605 1352 40

163 1369 302 1419 Italia,
328 1369 382 1410 ad
405 1375 580 1411 mortem
604 1368 640 1410 si
663 1375 704 1410 te
728 1393 784 1399 —
807 1369 895 1411 fors
921 1370 1032 1411 dicta
1055 1369 1227 1412 refutet!
1252 1397 1308 1401 ——
1446 1373 1448 1375 ’

162 1430 432 1486 prodiderim,
458 1436 599 1472 natam
623 1436 664 1472 et
688 1429 867 1472 conubia
890 1438 1033 1473 nostra
1055 1431 1291 1487 petentem?

163 1493 322 1549 respice
345 1507 412 1534 res
437 1492 546 1535 bello
570 1492 727 1543 varias;
751 1492 946 1535 miserere
970 1494 1155 1548 parentis

164 1554 374 1610 longaevi,
400 1568 524 1608 quem
548 1569 659 1596 nunc
682 1561 889 1596 maestum
914 1555 1048 1610 patria
1071 1554 1216 1597 Ardea
1240 1555 1363 1611 longe

163 1616 348 1658 dividit.“
374 1615 698 1671 haudquaquam
723 1616 844 1658 dietis
868 1616 1064 1659 violentia
1089 1617 1222 1659 Turni
1561 1634 1603 1662 -15

163 1678 357 1728 flectitur3
382 1684 604 1733 exsuperat
627 1678 763 1735 magis
789 1679 1076 1735 aegrescitque
1100 1679 1319 1722 medendo.

165 1746 209 1781 ut
230 1740 410 1795 primum
435 1739 514 1781 fari
537 1740 689 1795 potuit,
716 1740 776 1782 sic
799 1740 949 1782 institit
971 1755 1061 1783 ore:

165 1815 318 1855 „quam
341 1815 417 1856 pro
441 1815 508 1842 me
533 1815 674 1843 curam
699 1802 828 1858 geris,
854 1802 961 1844 hanc
985 1817 1148 1858 precor,
1175 1803 1341 1859 optime,
1368 1819 1443 1860 pro
1468 1820 1534 1846 me

162 1863 366 1918 deponas,
392 1862 603 1917 letumque
628 1863 741 1906 sinas
765 1879 841 1920 pro
864 1864 987 1906 laude
1011 1864 1180 1920 pacisci.

162 1931 203 1966 et
226 1939 302 1966 nos
328 1924 427 1974 tela,
452 1931 588 1980 pater,
614 1925 853 1980 ferrumque
876 1925 989 1968 haud
1015 1926 1151 1968 debile
1176 1927 1322 1969 dextra
1560 1944 1602 1972 so

162 1986 417 2042 spargimus,
444 1996 485 2028 et
508 1993 649 2030 nostro
675 1988 861 2043 sequitur
884 1989 936 2030 de
960 1988 1128 2030 volnere
1153 1989 1338 2046 sanguis.

159 2048 283 2105 longe
307 2049 366 2090 illi
390 2049 469 2090 dea
492 2055 625 2091 mater
648 2050 743 2101 erit,
769 2064 876 2105 quae
900 2050 1011 2093 nube
1035 2050 1231 2107 fugacem

159 2111 341 2153 feminea
365 2117 479 2168 tegat
503 2117 545 2153 et
567 2111 687 2154 vanis
713 2126 806 2155 sese
829 2112 992 2155 occulat
1015 2113 1217 2156 umbris.“

215 2172 277 2214 At
299 2173 462 2229 regina,
487 2188 598 2216 nova
620 2189 787 2231 pugnae
813 2175 1035 2217 conterrita
1059 2183 1182 2226 sorte,

159 2234 286 2276 flebat
310 2241 351 2276 et
374 2235 587 2277 ardentem
612 2250 813 2291 generum
836 2237 1036 2278 moritura
1058 2237 1246 2278 tenebat:
1557 2252 1600 2282 55

163 2295 348 2346 „Turne,
373 2311 448 2351 per
470 2296 546 2338 has
573 2312 652 2353 ego
676 2303 716 2339 te
739 2298 952 2349 lacrimas,
976 2313 1052 2354 per
1077 2299 1112 2340 si
1135 2299 1229 2353 quis
1254 2299 1434 2342 Amatae

162 2358 294 2414 tangit
317 2358 448 2400 honos
474 2359 676 2409 animum,
702 2384 758 2390 -—
783 2374 879 2415 spes
904 2366 951 2401 tu
974 2375 1085 2401 nunc
1108 2375 1210 2410 una,
1237 2367 1429 2402 senectae

162 2430 207 2460 tu
230 2419 394 2474 requies
419 2419 614 2470 miserae,
641 2420 768 2462 decus
793 2421 1096 2476 imperiumque
1119 2422 1263 2463 Latini

160 2489 201 2524 te
224 2496 372 2538 penes,
396 2482 440 2523 in
465 2488 505 2524 te
530 2483 664 2524 omnis
689 2483 838 2525 domus
864 2483 1060 2525 inclinata
1082 2483 1286 2525 recumbit
1310 2509 1365 2514 -——

159 2559 289 2586 unum
314 2559 405 2586 oro:
431 2544 584 2587 desiste
608 2560 779 2586 manum
802 2545 1059 2587 committere
1085 2545 1272 2587 Teucris.
1554 2559 1596 2588 00

160 2605 232 2660 qui
255 2612 296 2648 te
320 2620 499 2660 cumque
521 2614 690 2648 manent
714 2607 794 2649 isto
819 2608 1043 2650 certamine
1067 2622 1204 2658 casus,

162 2673 202 2708 et
225 2682 310 2718 me,
337 2668 498 2718 Turne,
523 2675 691 2710 manent
699 2685 710 2719 3
737 2669 861 2711 simul
883 2669 987 2711 haec
1010 2669 1146 2712 invisa
1167 2669 1397 2725 relinquam

160 2728 335 2781 lumina,
361 2745 439 2773 nec
463 2745 664 2787 generum
687 2730 866 2773 Aenean
890 2731 1054 2787 captiva
1077 2731 1271 2774 videbo.“

163 2791 322 2847 aceepit
344 2807 490 2834 vocem
515 2793 694 2835 lacrimis
719 2793 900 2835 Lavinia
923 2793 1066 2835 matris

1213 2866 1297 2901 214ξ
