1794 3048
424 299 506 340 212
824 308 867 342 Ρ.
886 305 1117 343 VERGILII
1135 305 1360 343 MARONIS

425 408 598 450 orabunt
621 421 789 449 caussas
813 406 978 456 melius,
1004 406 1185 459 caelique
1209 413 1367 448 meatus

335 481 401 512 850
424 468 653 510 describent
675 467 789 509 radio
813 473 854 508 et
878 467 1086 522 surgentia
1110 467 1243 508 sidera
1266 468 1418 511 dicent:

333 783 398 814 855

332 1087 398 1118 860

333 1393 397 1424 865

332 1696 398 1728 870

333 2000 398 2031 875

333 2304 398 2336 880

334 2609 399 2640 885

423 537 467 570 tu
489 543 630 584 regere
654 529 824 583 imperio
847 529 1039 584 populos,
1063 528 1266 579 Romane,
1291 535 1512 580 memento3

422 590 499 630 hae
522 589 595 631 tibi
619 596 736 630 erunt
758 596 884 640 artes3
908 589 1103 644 pacisque
1127 589 1321 644 inponere
1343 605 1510 640 morem,

420 665 586 704 parcere
611 650 804 692 subiectis
828 658 869 692 et
891 650 1094 692 debellare
1119 650 1358 705 superbos.“

479 709 550 752 Sic
573 717 688 766 pater
715 710 920 753 Anchises
944 718 1066 764 atque
1091 711 1192 752 haec
1215 711 1456 754 mirantibus
1481 713 1611 754 addit:

424 772 586 826 „aspice
594 803 605 822 ‚
631 779 676 813 ut
698 772 870 828 insignis
895 772 1034 826 spoliis
1058 771 1281 813 Marcellus
1305 773 1451 827 opimis

421 832 663 888 ingreditur,
688 833 896 887 victorque
919 834 1026 874 viros
1053 833 1326 887 supereminet
1349 834 1493 876 omnis.

421 893 488 934 hie
510 908 597 934 rem
619 894 867 944 Romanam,
893 908 1043 949 magno
1067 893 1254 935 turbante
1278 894 1467 944 tumultu,

422 955 538 995 sistet
561 969 705 1008 eques,
731 962 882 997 sternet
906 955 1067 996 Poenos
1094 953 1341 1008 Gallumque
1364 955 1569 1005 rebellem,

422 1015 618 1069 tertiaque
643 1031 756 1057 arma
777 1017 883 1070 patri
908 1016 1130 1070 suspendet
1153 1023 1272 1070 capta
1296 1015 1508 1068 Quirin0.“

421 1082 542 1129 atque
565 1076 632 1117 hio
654 1075 819 1117 Aeneas
844 1101 898 1107 —
921 1092 1004 1118 una
1025 1091 1202 1130 namque
1225 1077 1284 1117 ire
1308 1077 1472 1118 videbat

422 1137 632 1192 egregium
655 1137 787 1178 forma
809 1138 998 1178 iuvenem
1022 1144 1062 1178 et
1085 1137 1338 1192 fulgentibus
1362 1138 1499 1187 armis,

422 1198 495 1238 sed
517 1198 630 1239 frons
654 1198 760 1239 laeta
782 1213 927 1252 parum
950 1203 991 1239 et
1013 1197 1170 1239 deiecto
1193 1197 1348 1239 lumina
1370 1198 1484 1239 voltu
1506 1223 1560 1229 ——

424 1258 539 1311 „quis
547 1289 558 1308 ‚
583 1265 714 1313 pater,
740 1258 824 1307 ille,
849 1259 981 1299 virum
1004 1259 1075 1312 qui
1099 1258 1158 1299 sic
1181 1258 1396 1299 comitatur
1419 1259 1607 1299 euntem?

422 1319 549 1369 filius,
575 1333 679 1360 anne
703 1319 848 1372 aliquis
873 1333 1023 1374 magna
1046 1319 1097 1359 de
1122 1319 1245 1372 stirpe
1268 1319 1486 1372 nepotum?

422 1380 513 1433 quis
538 1380 728 1434 strepitus
753 1380 860 1421 circa
883 1378 1094 1420 comitum!
1120 1385 1317 1432 quantum
1340 1379 1467 1420 instar
1490 1380 1530 1420 in
1554 1379 1661 1435 ipso!

423 1441 495 1481 sed
519 1455 601 1482 nox
624 1447 711 1482 atra
733 1446 856 1495 caput
879 1440 983 1481 tristi
1007 1440 1271 1481 circumvolat
1292 1439 1476 1481 umbra.“

422 1508 508 1541 tum
531 1507 646 1555 pater
667 1500 873 1543 Anchises
897 1501 1074 1543 lacrimis
1098 1501 1308 1556 ingressus
1332 1501 1503 1542 obortis:

424 1577 474 1613 „o
497 1570 637 1618 gnate,
662 1562 870 1618 ingentem
892 1562 1048 1603 luctum
1070 1576 1121 1603 ne
1146 1576 1295 1615 quaere
1319 1567 1499 1611 tuorum;

423 1624 640 1665 ostendent
663 1623 780 1665 terris
805 1623 913 1664 hune
936 1629 1094 1664 tantum
1117 1622 1220 1672 fata,
1245 1637 1320 1663 nee
1343 1622 1448 1663 ultra

423 1699 514 1726 esse
539 1684 682 1725 sinent.
707 1684 879 1725 nimium
903 1684 1019 1725 vobis
1044 1683 1232 1725 Romana
1253 1698 1437 1738 propago

421 1745 511 1786 visa
533 1751 695 1800 potens,
722 1745 874 1800 superi,
898 1745 1061 1799 propria
1084 1744 1184 1785 haec
1209 1744 1244 1785 si
1267 1745 1375 1785 dona
1399 1744 1584 1786 fuissent.

422 1812 596 1858 quantos
619 1805 687 1847 ille
711 1806 843 1847 virum
866 1820 1059 1860 magnam
1082 1804 1284 1846 Mavortis
1309 1805 1362 1845 ad
1384 1804 1527 1846 urbem

423 1880 591 1920 campus
616 1872 711 1922 aget
733 1866 929 1922 gemitus!
955 1867 1020 1907 vel
1043 1880 1167 1919 quae,
1194 1866 1402 1916 Tiberine,
1428 1865 1585 1908 videbis

425 1926 586 1976 funera,
612 1941 706 1968 cum
729 1927 931 1968 tumulum
953 1926 1250 1981 praeterlabere
1273 1927 1494 1967 recentem!

421 2001 498 2028 nee
520 2001 622 2042 puer
643 1987 770 2029 Iliaca
793 1988 1011 2041 quisquam
1034 1988 1085 2028 de
1108 1993 1230 2042 gente
1254 1987 1428 2028 Latinos

421 2049 464 2088 in
487 2054 644 2088 tantum
667 2062 740 2102 spe
764 2048 877 2089 tollet
900 2062 1017 2097 avos,
1043 2062 1118 2088 nec
1141 2047 1318 2088 Romula
1340 2047 1545 2101 quondam

422 2108 505 2149 ullo
530 2123 573 2149 se
597 2114 755 2149 tantum
779 2109 898 2150 tellus
922 2108 1089 2149 iactabit
1112 2107 1287 2149 alumno.

421 2169 502 2210 heu
525 2169 674 2223 pietas,
699 2169 780 2210 heu
802 2170 937 2224 prisca
959 2168 1061 2209 fides
1084 2169 1316 2222 invictaque
1338 2168 1446 2210 bello

423 2229 606 2271 dextera!
631 2245 714 2272 non
736 2230 795 2271 illi
819 2245 862 2272 se
886 2231 1104 2284 quisquam
1126 2230 1279 2284 inpune
1302 2230 1462 2271 tulisset

422 2291 567 2333 obvius
592 2298 766 2342 armato,
792 2306 866 2333 seu
888 2306 982 2333 cum
1004 2292 1129 2346 pedes
1153 2291 1229 2332 iret
1251 2291 1295 2332 in
1317 2291 1489 2341 hostem,

423 2367 498 2394 seu
521 2353 747 2407 spumantis
772 2353 867 2407 equi
890 2352 1048 2394 foderet
1071 2351 1295 2393 calcaribus
1319 2366 1466 2393 armos.

422 2414 521 2462 heu,
546 2414 775 2455 miserande
799 2428 919 2468 puer,
946 2413 981 2455 si
1004 2427 1085 2467 qua
1108 2412 1193 2454 fata
1216 2427 1360 2467 aspera
1382 2412 1566 2467 rumpas!

423 2481 468 2516 tu
491 2474 716 2517 Marcellus
741 2475 833 2516 eris.
858 2474 1048 2516 manibus
1072 2474 1166 2515 date
1188 2473 1273 2514 lilia
1294 2473 1437 2528 plenis,

421 2550 647 2590 purpureos
672 2550 863 2591 spargam
886 2535 1024 2585 flores,
1050 2534 1307 2587 animamque
1329 2533 1487 2588 nepotis

422 2597 486 2638 his
511 2597 656 2639 saltem
679 2597 936 2638 adcumulem
959 2596 1076 2638 donis
1100 2601 1141 2637 et
1164 2595 1312 2650 fungar
1333 2594 1444 2635 inani

422 2660 628 2698 munere.“
655 2657 715 2699 sie
737 2663 822 2699 tota
843 2657 998 2712 passim
1021 2657 1186 2712 regione
1210 2662 1410 2710 vagantur

423 2718 527 2759 aeris
551 2718 593 2758 in
617 2719 770 2772 eampis
794 2718 886 2759 latis
910 2725 1032 2772 atque
1055 2717 1191 2758 omnia
1213 2716 1396 2757 lustrant.
