1794 3048
279 405 342 436 615

279 708 342 738 620

240 1046 244 1050 ,
280 1014 343 1044 625

373 281 453 322 146
770 288 811 322 Ρ.
831 285 1062 322 VERGILII
1080 284 1303 322 MARONIS

366 404 544 446 paupere
568 414 622 419 —
646 388 944 440 mansissetque
968 386 1124 427 utinam
1148 385 1328 427 fortuna!
1354 411 1406 416 —
1430 386 1650 442 profectus.

366 452 433 492 hic
456 465 539 500 me,
565 450 662 490 dum
688 448 834 503 trepidi
857 447 1036 489 crudelia
1059 447 1200 488 limina
1222 447 1421 501 linquunt,

366 513 610 552 inmemores
636 509 736 550 socii
759 514 876 550 vasto
902 508 1097 563 Cyclopis
1121 508 1164 549 in
1188 514 1302 549 antro

368 573 594 613 deseruere.
622 571 768 611 domus
794 569 906 611 sanie
931 569 1186 624 dapibusque
1212 569 1401 619 cruentis,

366 634 474 673 intus
499 646 645 687 opaea,
671 632 828 687 ingens.
853 631 942 687 ipse
967 631 1137 681 arduus,
1162 631 1323 685 altaque
1346 631 1481 686 pulsat

367 694 501 735 sidera
524 717 578 723 -—
603 693 663 742 di,
689 693 812 734 talem
837 693 953 734 terris
978 693 1146 734 avertite
1169 693 1346 748 pestem!
1371 718 1425 723 ——-

366 769 442 797 nec
464 755 558 795 visu
581 755 712 796 facilis
737 768 812 795 nec
836 754 949 795 dictu
971 753 1161 795 adfabilis
1185 753 1269 795 ulli.

366 815 591 858 visceribus
617 816 858 857 miserorum
882 821 923 856 et
946 815 1146 871 sanguine
1169 815 1348 857 vescitur
1371 821 1469 856 atro.

366 877 451 918 w'di
475 883 656 933 egomet,
682 877 764 918 duo
788 876 838 917 de
863 890 1033 918 numero
1057 891 1150 918 cum
1174 891 1344 932 corpora
1366 883 1505 918 nostro

366 953 516 994 prensa
538 953 663 980 manu
686 953 837 993 magna
860 938 996 979 medio
1018 938 1234 994 resupinus
1257 938 1301 978 in
1323 944 1438 979 antro

369 1000 575 1055 frangeret
599 1000 652 1040 ad
676 1013 839 1048 saxum,
866 999 1060 1053 sanieque
1084 1014 1280 1054 exspersa
1304 1004 1489 1039 natarent

366 1061 525 1111 limina3
550 1061 634 1101 vidi
658 1067 744 1102 atro
770 1075 862 1102 cum
886 1059 1070 1102 membra
1092 1060 1260 1101 fluentia
1282 1059 1377 1100 tabo

368 1122 578 1163 manderet
602 1127 642 1162 et
666 1121 791 1176 tepidi
815 1126 1032 1162 tremerent
1056 1120 1132 1162 sub
1157 1120 1346 1161 dentibus
1371 1125 1495 1160 artus.

368 1183 479 1224 haud
502 1182 653 1237 inpune
677 1182 842 1236 quidem
850 1198 861 1232 3
886 1196 962 1223 nec
986 1181 1083 1223 talia
1104 1196 1252 1236 passus
1279 1180 1427 1222 Ulixes

369 1243 571 1285 oblitusve
596 1243 660 1284 sui
684 1249 746 1284 est
768 1243 936 1284 Ithacus
961 1242 1194 1284 discrimine
1218 1248 1343 1283 tanto.

286 1317 349 1349 630
369 1319 464 1345 nam
490 1304 610 1345 simul
635 1303 819 1359 expletus
845 1303 1019 1358 dapibus
1044 1303 1219 1356 vinoque
1244 1302 1426 1357 sepultus

282 1621 344 1653 635

369 1365 570 1406 cervicem
593 1364 785 1405 inflexam
808 1363 964 1418 posuit,
988 1363 1193 1416 iacuitque
1216 1377 1290 1418 per
1313 1369 1474 1404 antrum

368 1426 598 1475 inmensus,
625 1425 780 1467 saniem
804 1430 992 1466 eructans
1017 1430 1058 1465 et
1080 1423 1213 1466 frusta
1235 1429 1401 1466 cruento

368 1502 443 1542 per
467 1501 656 1527 somnum
680 1485 902 1527 commixta
924 1500 1056 1535 mem,
1082 1500 1156 1527 nos
1180 1500 1332 1541 magna
1353 1486 1507 1540 precati

370 1548 540 1590 numina
564 1547 776 1601 sortitique
798 1547 910 1589 vices
935 1562 1017 1588 una
1040 1547 1220 1600 undique
1244 1547 1396 1588 circum

368 1609 579 1650 fundimur
601 1613 642 1650 et
664 1609 745 1650 telo
767 1608 906 1650 lumen
928 1607 1180 1650 terebramus
1206 1613 1326 1649 acuto

368 1670 535 1726 ingens,
559 1670 670 1724 quod
692 1675 810 1712 torva
833 1669 966 1712 solum
991 1668 1067 1711 sub
1091 1669 1224 1710 fronte
1246 1668 1412 1719 latebat,

369 1731 556 1787 Argolici
579 1731 701 1786 clipei
723 1737 794 1772 aut
816 1730 1035 1772 Phoebeae
1058 1730 1259 1785 lampadis
1283 1730 1422 1780 instar,

371 1798 413 1834 et
436 1793 602 1834 tandem
624 1793 721 1834 laeti
745 1793 947 1834 sociorum
971 1792 1205 1834 ulciscimur
1226 1791 1405 1833 umbras.

371 1853 444 1895 sed
467 1853 616 1909 fugite,
641 1868 666 1894 o
689 1853 845 1903 miseri,
869 1853 1000 1909 fugite
1025 1859 1147 1907 atque
1172 1852 1223 1894 ab
1247 1852 1363 1894 litore
1387 1852 1528 1894 funem

284 1927 349 1958 640
372 1914 561 1969 rumpite.

369 1989 464 2015 nam
489 1974 621 2028 qualis
646 1979 904 2028 quantusque
929 1989 1030 2015 cavo
1053 1973 1334 2029 Polyphemus
1358 1974 1402 2014 in
1424 1980 1540 2014 antro

370 2035 574 2090 lanigeras
598 2035 750 2076 claudit
771 2035 950 2090 pecudes
976 2041 1096 2088 atque
1120 2034 1247 2076 ubera
1268 2041 1439 2089 pressat,

371 2102 533 2138 centum
557 2095 626 2137 alii
649 2108 774 2137 curva
796 2095 898 2137 haec
921 2094 1106 2136 habita-nt
1129 2095 1179 2136 ad
1204 2094 1322 2136 litora
1345 2095 1468 2150 volgo

344 2191 347 2193 .
369 2156 528 2198 infandi
554 2155 760 2211 Cyclopes
785 2162 905 2210 atque
929 2156 1021 2197 altis
1046 2155 1252 2197 montibus
1277 2162 1423 2197 errant.

283 2232 347 2264 645

286 2538 348 2569 550

372 2218 489 2259 tertia
511 2217 593 2258 iam
616 2217 738 2258 lunae
762 2232 807 2258 se
831 2231 981 2258 cornua
1004 2217 1156 2258 lumine
1180 2217 1383 2271 conplent,

371 2294 465 2321 cum
488 2279 614 2320 vitam
637 2278 680 2319 in
704 2278 817 2320 silvis
841 2278 946 2320 inter
969 2278 1129 2320 deserta
1152 2278 1331 2320 ferarum

370 2340 500 2382 lustra
523 2340 749 2393 domosque
773 2340 908 2390 traho,
933 2345 1155 2394 vastosque
1179 2339 1231 2381 ab
1254 2354 1356 2395 rupe
1382 2338 1587 2394 Cyclopas

370 2401 595 2457 prospicio,
622 2401 881 2455 sonitumque
904 2401 1056 2456 pedum
1079 2415 1304 2455 vocemque
1328 2407 1538 2442 tremesco.

372 2463 526 2504 victum
548 2461 772 2512 infelicem,
797 2461 923 2504 bacas
945 2462 1211 2517 lapidosaque
1235 2476 1370 2512 corna,

372 2525 470 2565 dant
491 2523 595 2565 rami
618 2529 658 2565 et
680 2523 806 2565 volsis
829 2529 1005 2579 pascunt
1026 2523 1231 2565 radicibus
1255 2523 1416 2565 herbae.

373 2585 510 2626 omnia
533 2584 789 2627 conlustrans
813 2584 920 2626 hanc
942 2585 1119 2640 primUm
1142 2584 1196 2626 ad
1219 2585 1337 2626 litora
1361 2583 1534 2625 classem

372 2646 566 2702 prospexi
586 2647 831 2689 venientem.
855 2647 952 2688 huic
973 2653 1059 2698 me,
1083 2660 1362 2701 quaecumque
1387 2645 1544 2694 fuisset,

373 2707 529 2748 addixi:
555 2708 654 2750 satis
678 2714 741 2750 est
762 2713 927 2763 gentem
951 2708 1147 2764 effugisse
1169 2706 1399 2749 nefandam.
