1780 3074
550 286 809 325 AENEIDOS
827 286 925 323 LIB.
942 287 1012 322 ΠΙ.

99 395 287 437 Teucrus
311 392 522 435 Rhoeteas
545 391 726 448 primum
750 397 813 433 est
836 391 1034 433 advectus
1059 390 1114 433 ad
1136 406 1243 442 oras,

98 456 338 513 optavitque
361 455 500 497 locum
522 469 665 511 regno.
691 453 876 495 nondum
898 452 1024 495 Ilium
1047 459 1090 496 et
1112 468 1229 496 arces

97 518 355 575 Pergameae
379 522 597 567 steterant3
622 514 864 557 habitabant
886 514 1064 558 vallibus
1088 516 1196 558 imis.

97 581 195 623 hinc
218 586 350 622 mater
373 578 522 621 cultrix
547 578 732 634 Cybelae
758 576 1095 633 Corybantiaque
1119 593 1216 622 aera

97 643 355 697 Idaeumque
379 656 547 692 nemus,
572 640 670 682 hinc
692 640 776 682 fida
800 640 963 681 silentia
987 639 1129 691 sacris,

100 711 142 746 ct
163 704 294 746 iuncti
317 718 484 746 currum
508 702 699 745 dominae
724 701 887 744 subiere
909 702 1065 744 leones.

100 782 200 824 ergo
224 766 334 823 agite
359 772 400 808 et
423 765 564 807 divom
588 765 744 806 ducunt
766 779 850 818 qua.
872 764 988 806 iussa
1012 778 1254 819 sequamur3

99 830 311 885 placemus
335 833 481 870 ventos
506 832 547 869 et
572 824 733 869 Gnosia
754 841 884 882 regna
906 831 1111 881 petamus.

99 905 176 933 nec
199 890 324 946 longo
349 889 503 931 distant
525 903 669 940 eursu3
692 888 817 930 modo
841 887 1030 945 Iuppiter
1053 889 1174 939 adsit,

100 952 220 994 tertia
240 951 315 994 lux
338 951 514 994 classem
540 950 726 993 Cretaeis
752 950 871 992 sistet
893 951 937 992 in
960 950 1083 993 oris.“

101 1015 162 1057 sic
182 1014 294 1056 fatus
318 1013 486 1055 meritos
510 1013 593 1055 aris
617 1012 814 1055 mactavit
837 1012 1029 1063 honores,

99 1086 263 1118 taurum
285 1075 499 1131 Neptuno,
525 1081 690 1117 taurum
714 1074 807 1126 tibi,
831 1074 1006 1130 pulcher
1028 1073 1197 1130 Apollo,

98 1138 261 1195 nigram
284 1137 411 1179 hiemi
432 1137 655 1192 pecudem,
681 1136 876 1192 zephyris
901 1135 1092 1178 felicibus
1119 1137 1269 1179 albam.

155 1200 288 1241 Fama
310 1199 423 1241 volat
445 1199 614 1255 pulsum
636 1199 777 1256 regnis
802 1199 980 1241 cessisse
1003 1199 1187 1254 paternis

99 1261 325 1303 Idomenea
348 1261 515 1312 ducem,
541 1262 787 1316 desertaque
810 1261 930 1303 litora
955 1259 1118 1312 Cretae,

100 1323 219 1365 hoste
242 1338 390 1365 vacare
415 1323 579 1374 domOS,
606 1323 808 1377 sedesque
833 1323 997 1365 adstare
1020 1323 1198 1366 relictas.

99 1385 324 1439 linquimus
351 1383 554 1442 Ortygiae
577 1390 721 1440 portus
747 1384 980 1440 pelagoque
1004 1385 1208 1436 volamus,

100 1446 427 1501 bacchatamque
450 1447 560 1503 iugis
584 1446 735 1488 Naxon
756 1446 1013 1500 viridemque
1037 1446 1271 1502 Donysam,

104 1507 307 1559 Olearon,
332 1508 578 1562 niveamque
602 1507 742 1549 Paron
767 1522 1015 1563 sparsasque
1038 1523 1114 1564 per
1136 1523 1292 1564 aequor

103 1570 311 1626 Cycladas
336 1575 377 1612 et
400 1569 554 1612 crebris
578 1569 757 1625 legimus
782 1569 889 1611 freta
912 1570 1074 1612 concita
1096 1570 1228 1613 terris.

101 1632 291 1674 nauticus
316 1632 497 1674 exoritur
520 1632 635 1674 vario
659 1631 882 1674 certamine
906 1632 1080 1684 clamor3

101 1694 318 1736 hortantur
342 1693 462 1744 socii,
490 1692 660 1736 Cretam
682 1708 944 1749 proavosque
966 1700 1173 1750 petamus.

102 1755 366 1811 prosequitur
390 1770 564 1812 surgens
590 1771 615 1797 a
637 1756 770 1811 puppi
792 1762 941 1798 ventus
967 1756 1116 1807 euntis,

104 1824 146 1859 et
169 1817 336 1859 tandem
360 1818 540 1872 antiquis
568 1817 770 1860 Curetum
793 1818 1026 1860 adlabimur
1049 1818 1145 1861 oris.

104 1894 204 1936 ergo
228 1879 375 1921 avidus
399 1894 540 1922 muros
566 1885 731 1936 optatae
754 1880 903 1922 molior
925 1879 1053 1932 urbis,

103 1941 461 1998 Pergameamque
484 1957 590 1985 voco
614 1948 656 1984 et
678 1942 829 1984 laetam
853 1943 1099 1999 cognomine
1122 1948 1290 2000 gentem

103 2003 245 2045 hortor
268 2018 406 2045 amare
429 2004 547 2046 focos
573 2019 792 2059 arcemque
817 2005 1003 2047 attollere
1027 2006 1160 2048 tectis.

103 2065 268 2119 iamque
293 2064 379 2107 fere
404 2066 514 2108 sicco
539 2066 767 2109 subductae
790 2067 909 2109 litore
932 2082 1094 2124 puppes
1102 2084 1114 2120 3

104 2126 276 2169 conubis
301 2127 493 2182 arvisque
515 2129 635 2171 novis
660 2136 829 2184 operata
851 2130 1064 2181 iuventus3

105 2189 196 2230 iura
219 2188 446 2243 domosque
471 2189 640 2232 dabam:
666 2191 804 2234 subito
828 2207 924 2234 cum
948 2191 1089 2234 tabida
1112 2191 1324 2243 membris,

107 2255 298 2304 corrupto
322 2250 425 2291 caeli
448 2257 598 2301 tractu,
624 2252 940 2307 miserandaque
962 2254 1077 2295 venit

107 2309 406 2364 arboribusque
437 2311 619 2366 satisque
641 2313 732 2355 lues
757 2320 797 2356 et
819 2314 956 2356 letifer
980 2330 1126 2357 annus.

107 2371 349 2427 linquebant
372 2372 513 2414 dulces
539 2374 696 2416 animas
721 2381 792 2416 aut
816 2390 941 2431 aegra
964 2377 1184 2419 trahebant

110 2448 280 2489 corpora
288 2450 300 2484 3
325 2440 413 2475 tum
438 2434 596 2477 steriles
622 2449 792 2478 exurere
818 2435 951 2479 Sirius
976 2453 1099 2493 agros
1107 2455 1119 2488 ;

110 2495 281 2538 arebant
304 2494 458 2537 herbae
481 2502 522 2537 et
545 2496 701 2538 vietum
726 2511 847 2553 seges
872 2512 998 2554 aegra
1020 2498 1212 2555 negabat.

109 2573 252 2600 rursus
277 2557 331 2599 ad
355 2557 538 2600 oraclum
564 2556 767 2615 Ortygiae
790 2558 1091 2614 Phoebumque
1114 2575 1306 2603 remenso

109 2618 296 2662 hortatur
318 2625 437 2675 pater
459 2619 519 2661 ire
542 2620 647 2661 mari
669 2621 917 2675 veniamque
939 2621 1112 2676 precari,

109 2695 236 2736 quam
258 2681 382 2724 fessis
406 2681 533 2723 finem
555 2681 679 2725 rebus
704 2682 827 2733 ferat,
853 2683 963 2724 unde
992 2682 1181 2726 laborum

111 2748 310 2799 temptare
333 2743 532 2786 auxilium
555 2744 712 2796 iubeat,
737 2759 820 2800 quo
844 2751 1002 2787 vertere
1026 2760 1184 2788 cursus.

1378 278 1461 321 133

1491 530 1556 561 110

1495 841 1559 871 115

1496 1151 1560 1182 120

1498 1462 1561 1493 125

1497 1771 1563 1804 130

1497 2081 1561 2112 135

1499 2389 1562 2420 140

1496 2699 1559 2730 145
