1800 3106
594 257 853 296 AENEIDOS
877 257 976 294 LIB.
990 257 1115 296 VIIII.

170 382 254 409 non
276 366 345 408 hic
368 364 544 407 Atridae.
568 378 646 406 nec
669 363 787 405 fandi
810 362 930 406 fictor
953 362 1116 405 Ulixes.

170 430 321 471 durum
344 427 397 471 ab
423 428 550 483 stirpe
573 441 708 484 genus
732 432 852 468 natos
877 426 931 468 ad
953 425 1126 468 flumina
1149 426 1329 482 primum

169 491 395 534 deferimus
422 504 632 544 saevoque
655 488 754 546 gelu
778 489 977 531 duramus
1003 494 1044 531 et
1067 488 1190 531 undis
1198 505 1210 540 3

169 560 324 597 venatu
346 553 566 610 invigilant
588 552 707 608 pueri
732 551 942 606 silvasque
966 551 1144 608 fatigant
1151 568 1164 603 3

170 616 334 659 flectere
357 615 482 658 ludus
508 629 638 670 equos
663 620 705 657 et
729 614 889 670 spicula
912 615 1081 656 tendere
1106 629 1248 656 cornu.

170 685 213 722 at
235 678 397 735 patiens
423 692 596 734 operum
619 691 832 733 parvoque
857 677 1032 719 adsueta
1054 677 1249 719 iuventus

171 753 243 784 aut
264 741 408 783 rastris
434 747 585 782 terram
609 740 751 782 domat
774 745 846 781 aut
870 739 1003 794 quatit
1027 739 1180 795 oppida
1203 739 1327 782 bello.

170 818 292 846 omne
315 818 467 846 aevum
490 802 599 844 ferro
624 802 787 852 teritur,
812 816 1015 856 versaque
1039 802 1262 844 iuvencum

170 872 287 923 terga
310 865 536 922 fatigamus
561 864 700 936 hasta,
725 878 804 906 nec
828 865 946 906 tarda
970 871 1164 908 senectus

170 928 358 971 debilitat
380 928 490 970 vires
515 927 643 969 animi
666 932 881 982 mutatque
905 927 1112 984 vigorem:

170 990 364 1032 canitiem
386 990 508 1047 galea
531 990 778 1046 premimus,
806 1004 1053 1045 semperque
1077 990 1256 1032 recentis

170 1059 426 1109 comportare
450 1053 566 1094 iuvat
587 1052 764 1108 praedas
790 1058 832 1094 et
854 1052 996 1094 vivere
1019 1058 1152 1108 rapto.

168 1115 288 1158 vobis
312 1115 424 1171 picta
448 1130 569 1158 croco
593 1121 635 1157 et
657 1114 836 1171 fulgenti
859 1114 1017 1157 murice
1041 1115 1184 1166 vestis,

169 1177 354 1220 desidiae
378 1177 510 1229 cordi,
534 1177 651 1220 iuvat
673 1177 890 1234 indulgere
915 1177 1090 1228 choreis,

171 1253 212 1283 et
235 1240 398 1282 tunicae
421 1240 606 1282 manicas
631 1246 673 1282 et
694 1240 852 1282 habent
874 1240 1118 1282 redimicula
1141 1240 1301 1282 mitrae.

171 1318 196 1345 o
221 1317 316 1344 vere
340 1302 572 1358 Phrygiae,
597 1317 733 1357 neque
757 1302 868 1344 enim
891 1302 1105 1359 Phryges,
1130 1303 1187 1345 ite
1210 1318 1286 1359 per
1310 1303 1393 1344 alta

171 1365 406 1421 Dindyma,
431 1364 504 1407 ubi
528 1365 711 1407 adsuetis
735 1364 914 1407 biforem
938 1366 1010 1407 dat
1033 1365 1135 1408 tibia
1159 1372 1340 1408 cantum.

171 1435 371 1483 tympana
394 1442 470 1470 vos
495 1426 716 1481 buxusque
740 1434 862 1469 vocat
885 1427 1136 1483 Berecyntia
1160 1428 1303 1470 matris

170 1490 342 1532 Idaeae:
368 1489 488 1532 sinite
513 1505 628 1532 arma
651 1490 750 1532 viris
776 1496 817 1532 et
841 1490 974 1532 cedite
998 1490 1148 1533 ferro.“

172 1553 270 1597 talia
292 1554 516 1596 iactantem
541 1552 662 1595 dictis
687 1568 737 1595 ac
761 1553 851 1596 dira
875 1559 1094 1595 canentem

171 1633 255 1660 non
279 1617 372 1659 tulit
395 1616 626 1667 Ascanius,
651 1630 862 1672 nervoque
887 1615 1089 1659 obversus
1115 1616 1266 1671 equino

173 1680 384 1722 contendit
407 1679 554 1730 telum,
580 1680 827 1734 diversaque
851 1679 1021 1722 brachia
1045 1679 1202 1721 ducens

173 1742 374 1793 constitit,
400 1748 495 1784 ante
518 1741 665 1784 Iovem
689 1742 867 1798 supplex
890 1757 966 1798 per
988 1748 1086 1784 vota
1108 1749 1321 1798 precatus:

176 1804 389 1860 „Iuppiter
412 1804 693 1860 omnipotens,
719 1804 947 1847 audacibus
972 1805 1108 1846 adnue
1134 1805 1304 1860 coeptis.

173 1867 263 1922 ipse
287 1867 363 1909 tibi
387 1867 441 1909 ad
464 1873 536 1909 tua
559 1867 714 1922 templa
737 1867 871 1909 feram
895 1866 1113 1909 sollemnia
1136 1867 1247 1909 dona

174 1935 216 1971 ct
240 1935 420 1972 statuam
443 1935 539 1972 ante
563 1945 656 1971 aras
681 1936 825 1972 aurata
848 1929 984 1972 fronte
1006 1929 1244 1980 iuvencum,

174 1992 418 2034 candentem
441 1992 675 2048 pariterque
701 1998 826 2047 caput
850 2007 947 2034 cum
971 1997 1104 2034 matre
1127 1991 1344 2041 ferentem,

173 2054 256 2097 iam
281 2069 409 2096 cornu
432 2060 546 2110 petat
569 2060 610 2096 et
633 2054 812 2110 pedibus
837 2055 910 2110 qui
934 2061 1104 2112 spargat
1129 2058 1337 2097 arenam.“

174 2116 304 2159 audiit
326 2123 367 2158 et
391 2116 494 2159 caeli
518 2117 680 2173 genitor
704 2118 756 2160 de
779 2124 897 2173 parte
923 2132 1071 2160 serena

174 2179 352 2221 intonuit
374 2179 540 2220 laevum
547 2195 559 2230 ;
585 2185 706 2221 sonat
728 2195 813 2221 una
835 2179 978 2221 fatifer
1000 2194 1136 2222 arcus.

177 2240 324 2297 effugit
346 2239 599 2282 horrendum
623 2241 801 2283 stridens
826 2242 1007 2284 adducta
1032 2242 1198 2298 sagitta,

176 2316 332 2359 perque
356 2308 481 2358 caput
503 2302 672 2344 Remuli
695 2303 810 2344 venit
833 2309 874 2345 et
897 2318 1001 2346 cava
1024 2310 1213 2359 tempora
1236 2302 1347 2345 ferro

177 2363 323 2406 traicit.
351 2364 391 2416 „i
398 2395 410 2415 ‚
435 2363 573 2406 verbis
597 2364 793 2406 virtutem
815 2365 956 2408 inlude
981 2364 1192 2421 superbis!

177 2425 243 2469 bis
267 2426 378 2482 capti
399 2425 593 2483 Phryges
617 2426 721 2469 haec
743 2426 912 2470 Rutulis
935 2442 1139 2483 responsa
1161 2428 1414 2470 remittunt.“

178 2488 258 2531 hoc
281 2495 441 2531 tantum
464 2488 695 2540 Ascanius;
721 2488 874 2532 Teucri
898 2489 1077 2532 clamore
1102 2497 1332 2545 sequuntur

178 2551 415 2608 laetitiaque
438 2551 623 2594 fremunt
645 2553 889 2608 animosque
914 2554 968 2596 ad
993 2553 1131 2596 sidera
1155 2553 1316 2595 tollunt.

179 2613 361 2657 aetheria
385 2621 474 2657 tum
497 2615 604 2657 sorte
628 2614 755 2672 plaga
778 2615 950 2658 crinitus
974 2614 1130 2671 Apollo

179 2676 359 2733 desuper
381 2676 595 2719 Ausonias
620 2677 730 2719 acies
755 2677 984 2733 urbemque
1007 2677 1187 2728 videbat,

180 2737 290 2781 nube
315 2739 484 2790 sedens,
510 2745 634 2794 atquc
658 2738 723 2782 his
747 2740 947 2785 victorem
971 2740 1136 2783 adfatur
1159 2740 1318 2783 Iulum:

1455 247 1540 290 269

1567 439 1631 469 600

1569 752 1632 783 605

1570 1065 1636 1096 610

1571 1379 1635 1408 615

1573 1692 1637 1722 620

1574 2005 1638 2035 625

1575 2316 1640 2346 630

1573 2628 1636 2660 635
