<?xml version="1.0" encoding="UTF-8"?>
<!DOCTYPE html PUBLIC "-//W3C//DTD XHTML 1.0 Transitional//EN"
    "http://www.w3.org/TR/xhtml1/DTD/xhtml1-transitional.dtd">
<html xmlns="http://www.w3.org/1999/xhtml" xml:lang="en" lang="en">
 <head>
  <title>
</title>
<meta http-equiv="Content-Type" content="text/html;charset=utf-8" />
  <meta name='ocr-system' content='tesseract 3.04.00' />
  <meta name='ocr-capabilities' content='ocr_page ocr_carea ocr_par ocr_line ocrx_word'/>
</head>
<body>
  <div class='ocr_page' id='page_1' title='image "./operavirg00virguoft_0313.png"; bbox 0 0 1800 3106; ppageno 0'>
   <div class='ocr_carea' id='block_1_1' title="bbox 0 2241 10 2572">
    <p class='ocr_par' dir='ltr' id='par_1_1' title="bbox 0 2241 10 2572">
     <span class='ocr_line' id='line_1_1' title="bbox 0 2241 10 2572; textangle 90"><span class='ocrx_word' id='word_1_1' title='bbox 0 2570 2 2572; x_wconf 62' lang='lat'>&lt;</span> <span class='ocrx_word' id='word_1_2' title='bbox 0 2495 8 2558; x_wconf 34' lang='grc' dir='ltr'>μην·</span> <span class='ocrx_word' id='word_1_3' title='bbox 0 2359 10 2487; x_wconf 60' lang='lat' dir='ltr'>-wv--vv</span> <span class='ocrx_word' id='word_1_4' title='bbox 0 2281 4 2314; x_wconf 38' lang='lat' dir='ltr'>„u</span> <span class='ocrx_word' id='word_1_5' title='bbox 0 2241 3 2243; x_wconf 59' lang='grc' dir='ltr'>ι</span> 
     </span>
    </p>
   </div>
   <div class='ocr_carea' id='block_1_2' title="bbox 589 274 1494 323">
    <p class='ocr_par' dir='ltr' id='par_1_2' title="bbox 589 274 1494 323">
     <span class='ocr_line' id='line_1_2' title="bbox 589 274 1494 323; baseline -0.007 0"><span class='ocrx_word' id='word_1_6' title='bbox 589 284 848 323; x_wconf 88' lang='lat' dir='ltr'>AENEIDOS</span> <span class='ocrx_word' id='word_1_7' title='bbox 866 284 965 321; x_wconf 87' lang='lat' dir='ltr'><strong>LIB.</strong></span> <span class='ocrx_word' id='word_1_8' title='bbox 984 285 1034 320; x_wconf 88' lang='lat' dir='ltr'>X.</span> <span class='ocrx_word' id='word_1_9' title='bbox 1412 274 1494 318; x_wconf 84' lang='grc'>281</span> 
     </span>
    </p>
   </div>
   <div class='ocr_carea' id='block_1_3' title="bbox 126 389 1598 2809">
    <p class='ocr_par' dir='ltr' id='par_1_3' title="bbox 126 389 1587 514">
     <span class='ocr_line' id='line_1_3' title="bbox 127 389 1587 450; baseline -0.004 -13"><span class='ocrx_word' id='word_1_10' title='bbox 127 408 303 450; x_wconf 86' lang='lat' dir='ltr'>quarum</span> <span class='ocrx_word' id='word_1_11' title='bbox 327 406 434 447; x_wconf 87' lang='lat' dir='ltr'>quae</span> <span class='ocrx_word' id='word_1_12' title='bbox 458 391 575 434; x_wconf 85' lang='lat' dir='ltr'>fandi</span> <span class='ocrx_word' id='word_1_13' title='bbox 599 390 842 433; x_wconf 88' lang='lat' dir='ltr'>doctissima</span> <span class='ocrx_word' id='word_1_14' title='bbox 867 389 1149 446; x_wconf 81' lang='lat' dir='ltr'>Cymodocea,</span> <span class='ocrx_word' id='word_1_15' title='bbox 1523 401 1587 432; x_wconf 82' lang='lat'>225</span> 
     </span>
     <span class='ocr_line' id='line_1_4' title="bbox 126 451 1308 514; baseline -0.005 -15"><span class='ocrx_word' id='word_1_16' title='bbox 126 471 235 514; x_wconf 89' lang='lat' dir='ltr'>pone</span> <span class='ocrx_word' id='word_1_17' title='bbox 260 469 438 510; x_wconf 87' lang='lat' dir='ltr'>sequens</span> <span class='ocrx_word' id='word_1_18' title='bbox 463 454 610 496; x_wconf 80' lang='lat' dir='ltr'>dextra</span> <span class='ocrx_word' id='word_1_19' title='bbox 632 453 806 510; x_wconf 87' lang='lat' dir='ltr'>puppim</span> <span class='ocrx_word' id='word_1_20' title='bbox 830 459 960 503; x_wconf 89' lang='lat' dir='ltr'>tenet,</span> <span class='ocrx_word' id='word_1_21' title='bbox 985 452 1160 508; x_wconf 88' lang='lat' dir='ltr'>ipsaque</span> <span class='ocrx_word' id='word_1_22' title='bbox 1184 451 1308 494; x_wconf 89' lang='lat' dir='ltr'>dorso</span> 
     </span>
    </p>

    <p class='ocr_par' dir='ltr' id='par_1_4' title="bbox 128 515 1097 572">
     <span class='ocr_line' id='line_1_5' title="bbox 128 515 1097 572; baseline -0.005 -11"><span class='ocrx_word' id='word_1_23' title='bbox 128 519 282 562; x_wconf 89' lang='lat' dir='ltr'>eminet</span> <span class='ocrx_word' id='word_1_24' title='bbox 304 532 355 560; x_wconf 89' lang='lat' dir='ltr'>ac</span> <span class='ocrx_word' id='word_1_25' title='bbox 376 517 497 559; x_wconf 89' lang='lat' dir='ltr'>laeva</span> <span class='ocrx_word' id='word_1_26' title='bbox 520 516 655 558; x_wconf 89' lang='lat' dir='ltr'>tacitis</span> <span class='ocrx_word' id='word_1_27' title='bbox 681 515 937 572; x_wconf 82' lang='lat' dir='ltr'>subremigat</span> <span class='ocrx_word' id='word_1_28' title='bbox 962 515 1097 557; x_wconf 80' lang='lat' dir='ltr'>undis.</span> 
     </span>
    </p>

    <p class='ocr_par' dir='ltr' id='par_1_5' title="bbox 128 578 1367 636">
     <span class='ocr_line' id='line_1_6' title="bbox 128 578 1367 636; baseline -0.003 -13"><span class='ocrx_word' id='word_1_29' title='bbox 128 588 217 623; x_wconf 84' lang='lat' dir='ltr'>tum</span> <span class='ocrx_word' id='word_1_30' title='bbox 241 581 302 623; x_wconf 90' lang='lat' dir='ltr'>sie</span> <span class='ocrx_word' id='word_1_31' title='bbox 324 580 517 636; x_wconf 89' lang='lat' dir='ltr'>ignarum</span> <span class='ocrx_word' id='word_1_32' title='bbox 541 579 794 633; x_wconf 84' lang='lat' dir='ltr'>adloquitur:</span> <span class='ocrx_word' id='word_1_33' title='bbox 822 578 1072 634; x_wconf 86' lang='lat' dir='ltr'>„vigilasne,</span> <span class='ocrx_word' id='word_1_34' title='bbox 1099 578 1223 620; x_wconf 90' lang='lat' dir='ltr'>deum</span> <span class='ocrx_word' id='word_1_35' title='bbox 1247 592 1367 634; x_wconf 88' lang='lat' dir='ltr'>gens,</span> 
     </span>
    </p>

    <p class='ocr_par' dir='ltr' id='par_1_6' title="bbox 127 635 1172 699">
     <span class='ocr_line' id='line_1_7' title="bbox 127 635 1172 699; baseline -0.004 -14"><span class='ocrx_word' id='word_1_36' title='bbox 127 643 301 685; x_wconf 87' lang='lat' dir='ltr'><strong>Aenea?</strong></span> <span class='ocrx_word' id='word_1_37' title='bbox 323 642 453 699; x_wconf 86' lang='lat' dir='ltr'>vigila</span> <span class='ocrx_word' id='word_1_38' title='bbox 477 648 519 684; x_wconf 92' lang='lat' dir='ltr'>et</span> <span class='ocrx_word' id='word_1_39' title='bbox 541 641 645 683; x_wconf 85' lang='lat' dir='ltr'>velis</span> <span class='ocrx_word' id='word_1_40' title='bbox 669 641 831 683; x_wconf 82' lang='lat' dir='ltr'><strong>inmitte</strong></span> <span class='ocrx_word' id='word_1_41' title='bbox 853 641 1064 682; x_wconf 88' lang='lat' dir='ltr'>rudentes.</span> <span class='ocrx_word' id='word_1_42' title='bbox 1163 635 1172 646; x_wconf 62' lang='grc'><em>“</em></span> 
     </span>
    </p>

    <p class='ocr_par' dir='ltr' id='par_1_7' title="bbox 128 703 1592 885">
     <span class='ocr_line' id='line_1_8' title="bbox 128 703 1592 759; baseline -0.003 -11"><span class='ocrx_word' id='word_1_43' title='bbox 128 721 204 748; x_wconf 89' lang='lat' dir='ltr'>nos</span> <span class='ocrx_word' id='word_1_44' title='bbox 230 720 395 755; x_wconf 78' lang='lat' dir='ltr'>sumuS,</span> <span class='ocrx_word' id='word_1_45' title='bbox 420 704 574 746; x_wconf 85' lang='lat' dir='ltr'>Idaeae</span> <span class='ocrx_word' id='word_1_46' title='bbox 599 718 716 746; x_wconf 89' lang='lat' dir='ltr'>sacro</span> <span class='ocrx_word' id='word_1_47' title='bbox 740 703 793 745; x_wconf 91' lang='lat' dir='ltr'>de</span> <span class='ocrx_word' id='word_1_48' title='bbox 817 703 971 745; x_wconf 85' lang='lat' dir='ltr'>vertice</span> <span class='ocrx_word' id='word_1_49' title='bbox 994 703 1132 759; x_wconf 83' lang='lat' dir='ltr'>pinus,</span> <span class='ocrx_word' id='word_1_50' title='bbox 1525 714 1592 745; x_wconf 84' lang='lat'>230</span> 
     </span>
     <span class='ocr_line' id='line_1_9' title="bbox 129 764 1323 823; baseline -0.003 -14"><span class='ocrx_word' id='word_1_51' title='bbox 129 782 239 809; x_wconf 91' lang='lat' dir='ltr'>nunc</span> <span class='ocrx_word' id='word_1_52' title='bbox 261 766 400 823; x_wconf 85' lang='lat' dir='ltr'>pelagi</span> <span class='ocrx_word' id='word_1_53' title='bbox 423 765 662 821; x_wconf 85' lang='lat' dir='ltr'>Nymphae,</span> <span class='ocrx_word' id='word_1_54' title='bbox 689 764 835 807; x_wconf 89' lang='lat' dir='ltr'>elassis</span> <span class='ocrx_word' id='word_1_55' title='bbox 860 770 943 807; x_wconf 91' lang='lat' dir='ltr'>tua.</span> <span class='ocrx_word' id='word_1_56' title='bbox 967 765 1152 821; x_wconf 85' lang='lat' dir='ltr'>perfidus</span> <span class='ocrx_word' id='word_1_57' title='bbox 1176 770 1224 806; x_wconf 90' lang='lat' dir='ltr'>ut</span> <span class='ocrx_word' id='word_1_58' title='bbox 1246 779 1323 807; x_wconf 90' lang='lat' dir='ltr'>nos</span> 
     </span>
     <span class='ocr_line' id='line_1_10' title="bbox 129 826 1242 885; baseline -0.002 -14"><span class='ocrx_word' id='word_1_59' title='bbox 129 829 375 885; x_wconf 88' lang='lat' dir='ltr'>praecipites</span> <span class='ocrx_word' id='word_1_60' title='bbox 399 828 510 870; x_wconf 85' lang='lat' dir='ltr'>ferro</span> <span class='ocrx_word' id='word_1_61' title='bbox 532 827 716 869; x_wconf 88' lang='lat' dir='ltr'>Rutulus</span> <span class='ocrx_word' id='word_1_62' title='bbox 740 827 991 882; x_wconf 86' lang='lat' dir='ltr'>flammaque</span> <span class='ocrx_word' id='word_1_63' title='bbox 1013 826 1242 882; x_wconf 88' lang='lat' dir='ltr'>premebat,</span> 
     </span>
    </p>

    <p class='ocr_par' dir='ltr' id='par_1_8' title="bbox 129 889 1229 947">
     <span class='ocr_line' id='line_1_11' title="bbox 129 889 1229 947; baseline -0.003 -14"><span class='ocrx_word' id='word_1_64' title='bbox 129 892 316 947; x_wconf 84' lang='lat' dir='ltr'>rupimus</span> <span class='ocrx_word' id='word_1_65' title='bbox 340 890 495 932; x_wconf 88' lang='lat' dir='ltr'>invitae</span> <span class='ocrx_word' id='word_1_66' title='bbox 518 895 592 931; x_wconf 87' lang='lat' dir='ltr'>tua</span> <span class='ocrx_word' id='word_1_67' title='bbox 614 889 800 940; x_wconf 84' lang='lat' dir='ltr'>vincula,</span> <span class='ocrx_word' id='word_1_68' title='bbox 826 896 950 944; x_wconf 89' lang='lat' dir='ltr'>teque</span> <span class='ocrx_word' id='word_1_69' title='bbox 973 904 1048 944; x_wconf 86' lang='lat' dir='ltr'>per</span> <span class='ocrx_word' id='word_1_70' title='bbox 1071 903 1229 943; x_wconf 89' lang='lat' dir='ltr'>aequor</span> 
     </span>
    </p>

    <p class='ocr_par' dir='ltr' id='par_1_9' title="bbox 131 951 1295 1008">
     <span class='ocr_line' id='line_1_12' title="bbox 131 951 1295 1008; baseline -0.003 -13"><span class='ocrx_word' id='word_1_71' title='bbox 131 953 381 1008; x_wconf 75' lang='lat' dir='ltr'>quaerimus,</span> <span class='ocrx_word' id='word_1_72' title='bbox 406 952 515 994; x_wconf 92' lang='lat' dir='ltr'>hanc</span> <span class='ocrx_word' id='word_1_73' title='bbox 538 952 728 1008; x_wconf 82' lang='lat' dir='ltr'>genetrix</span> <span class='ocrx_word' id='word_1_74' title='bbox 751 951 904 993; x_wconf 87' lang='lat' dir='ltr'>faciem</span> <span class='ocrx_word' id='word_1_75' title='bbox 926 951 1125 993; x_wconf 88' lang='lat' dir='ltr'>miserata</span> <span class='ocrx_word' id='word_1_76' title='bbox 1147 951 1295 993; x_wconf 83' lang='lat' dir='ltr'>refecit</span> 
     </span>
    </p>

    <p class='ocr_par' dir='ltr' id='par_1_10' title="bbox 130 1013 1594 1133">
     <span class='ocr_line' id='line_1_13' title="bbox 131 1013 1594 1070; baseline -0.001 -13"><span class='ocrx_word' id='word_1_77' title='bbox 131 1022 172 1058; x_wconf 91' lang='lat' dir='ltr'>et</span> <span class='ocrx_word' id='word_1_78' title='bbox 195 1015 309 1057; x_wconf 76' lang='lat' dir='ltr'>dedit</span> <span class='ocrx_word' id='word_1_79' title='bbox 332 1029 426 1056; x_wconf 89' lang='lat' dir='ltr'>esse</span> <span class='ocrx_word' id='word_1_80' title='bbox 451 1014 551 1056; x_wconf 86' lang='lat' dir='ltr'>deas</span> <span class='ocrx_word' id='word_1_81' title='bbox 577 1028 810 1068; x_wconf 87' lang='lat' dir='ltr'>aevumque</span> <span class='ocrx_word' id='word_1_82' title='bbox 835 1013 992 1070; x_wconf 84' lang='lat' dir='ltr'>agitare</span> <span class='ocrx_word' id='word_1_83' title='bbox 1018 1013 1097 1056; x_wconf 89' lang='lat' dir='ltr'>sub</span> <span class='ocrx_word' id='word_1_84' title='bbox 1121 1014 1260 1055; x_wconf 89' lang='lat' dir='ltr'>undis.</span> <span class='ocrx_word' id='word_1_85' title='bbox 1528 1025 1594 1056; x_wconf 86' lang='lat'>235</span> 
     </span>
     <span class='ocr_line' id='line_1_14' title="bbox 130 1075 1098 1133; baseline -0.002 -14"><span class='ocrx_word' id='word_1_86' title='bbox 130 1083 173 1120; x_wconf 89' lang='lat' dir='ltr'>at</span> <span class='ocrx_word' id='word_1_87' title='bbox 194 1092 299 1133; x_wconf 89' lang='lat' dir='ltr'>puer</span> <span class='ocrx_word' id='word_1_88' title='bbox 321 1075 532 1118; x_wconf 83' lang='lat' dir='ltr'>Ascanius</span> <span class='ocrx_word' id='word_1_89' title='bbox 556 1091 675 1118; x_wconf 90' lang='lat' dir='ltr'>muro</span> <span class='ocrx_word' id='word_1_90' title='bbox 699 1075 909 1130; x_wconf 78' lang='lat' dir='ltr'>fossisque</span> <span class='ocrx_word' id='word_1_91' title='bbox 934 1081 1098 1117; x_wconf 88' lang='lat' dir='ltr'>tenetur</span> 
     </span>
    </p>

    <p class='ocr_par' dir='ltr' id='par_1_11' title="bbox 130 1137 1261 1193">
     <span class='ocr_line' id='line_1_15' title="bbox 130 1137 1261 1193; baseline -0.002 -12"><span class='ocrx_word' id='word_1_92' title='bbox 130 1139 212 1182; x_wconf 90' lang='lat' dir='ltr'>tela</span> <span class='ocrx_word' id='word_1_93' title='bbox 234 1140 342 1181; x_wconf 88' lang='lat' dir='ltr'>inter</span> <span class='ocrx_word' id='word_1_94' title='bbox 363 1139 502 1181; x_wconf 87' lang='lat' dir='ltr'>media</span> <span class='ocrx_word' id='word_1_95' title='bbox 525 1144 650 1193; x_wconf 84' lang='lat' dir='ltr'>atque</span> <span class='ocrx_word' id='word_1_96' title='bbox 673 1137 878 1180; x_wconf 86' lang='lat' dir='ltr'>horrentis</span> <span class='ocrx_word' id='word_1_97' title='bbox 902 1137 1043 1179; x_wconf 86' lang='lat' dir='ltr'>Marte</span> <span class='ocrx_word' id='word_1_98' title='bbox 1066 1137 1261 1180; x_wconf 88' lang='lat' dir='ltr'>Latinos.</span> 
     </span>
    </p>

    <p class='ocr_par' dir='ltr' id='par_1_12' title="bbox 130 1199 1183 1256">
     <span class='ocr_line' id='line_1_16' title="bbox 130 1199 1183 1256; baseline -0.002 -12"><span class='ocrx_word' id='word_1_99' title='bbox 130 1202 212 1244; x_wconf 86' lang='lat' dir='ltr'>iam</span> <span class='ocrx_word' id='word_1_100' title='bbox 235 1201 328 1243; x_wconf 87' lang='lat' dir='ltr'>loca</span> <span class='ocrx_word' id='word_1_101' title='bbox 350 1201 466 1244; x_wconf 88' lang='lat' dir='ltr'>iussa</span> <span class='ocrx_word' id='word_1_102' title='bbox 489 1206 602 1243; x_wconf 87' lang='lat' dir='ltr'>tenet</span> <span class='ocrx_word' id='word_1_103' title='bbox 624 1200 722 1243; x_wconf 87' lang='lat' dir='ltr'>forti</span> <span class='ocrx_word' id='word_1_104' title='bbox 744 1200 976 1256; x_wconf 83' lang='lat' dir='ltr'>permixtus</span> <span class='ocrx_word' id='word_1_105' title='bbox 999 1199 1183 1243; x_wconf 86' lang='lat' dir='ltr'>Etrusco</span> 
     </span>
    </p>

    <p class='ocr_par' dir='ltr' id='par_1_13' title="bbox 131 1262 1159 1318">
     <span class='ocr_line' id='line_1_17' title="bbox 131 1262 1159 1318; baseline -0.001 -13"><span class='ocrx_word' id='word_1_106' title='bbox 131 1263 266 1305; x_wconf 88' lang='lat' dir='ltr'>Arcas</span> <span class='ocrx_word' id='word_1_107' title='bbox 292 1278 439 1318; x_wconf 84' lang='lat' dir='ltr'>eques3</span> <span class='ocrx_word' id='word_1_108' title='bbox 463 1263 623 1305; x_wconf 88' lang='lat' dir='ltr'>medias</span> <span class='ocrx_word' id='word_1_109' title='bbox 646 1262 728 1304; x_wconf 91' lang='lat' dir='ltr'>illis</span> <span class='ocrx_word' id='word_1_110' title='bbox 753 1277 963 1318; x_wconf 89' lang='lat' dir='ltr'>opponere</span> <span class='ocrx_word' id='word_1_111' title='bbox 987 1268 1159 1313; x_wconf 88' lang='lat' dir='ltr'>turmas,</span> 
     </span>
    </p>

    <p class='ocr_par' dir='ltr' id='par_1_14' title="bbox 131 1324 1596 1443">
     <span class='ocr_line' id='line_1_18' title="bbox 131 1324 1596 1382; baseline -0.001 -14"><span class='ocrx_word' id='word_1_112' title='bbox 131 1340 184 1368; x_wconf 89' lang='lat' dir='ltr'>ne</span> <span class='ocrx_word' id='word_1_113' title='bbox 208 1326 354 1368; x_wconf 86' lang='lat' dir='ltr'>castris</span> <span class='ocrx_word' id='word_1_114' title='bbox 378 1325 572 1382; x_wconf 88' lang='lat' dir='ltr'>iungant,</span> <span class='ocrx_word' id='word_1_115' title='bbox 598 1331 711 1367; x_wconf 89' lang='lat' dir='ltr'>certa</span> <span class='ocrx_word' id='word_1_116' title='bbox 735 1331 799 1367; x_wconf 87' lang='lat' dir='ltr'>est</span> <span class='ocrx_word' id='word_1_117' title='bbox 823 1325 1028 1367; x_wconf 88' lang='lat' dir='ltr'>sententia</span> <span class='ocrx_word' id='word_1_118' title='bbox 1051 1324 1210 1367; x_wconf 89' lang='lat' dir='ltr'>Turno.</span> <span class='ocrx_word' id='word_1_119' title='bbox 1529 1337 1596 1368; x_wconf 70' lang='grc'>240</span> 
     </span>
     <span class='ocr_line' id='line_1_19' title="bbox 134 1386 1146 1443; baseline 0.001 -15"><span class='ocrx_word' id='word_1_120' title='bbox 134 1402 259 1443; x_wconf 88' lang='lat' dir='ltr'>surge</span> <span class='ocrx_word' id='word_1_121' title='bbox 284 1401 363 1443; x_wconf 87' lang='lat' dir='ltr'>age</span> <span class='ocrx_word' id='word_1_122' title='bbox 387 1393 428 1429; x_wconf 90' lang='lat' dir='ltr'>et</span> <span class='ocrx_word' id='word_1_123' title='bbox 452 1402 601 1428; x_wconf 85' lang='lat' dir='ltr'>aurora</span> <span class='ocrx_word' id='word_1_124' title='bbox 626 1387 762 1429; x_wconf 89' lang='lat' dir='ltr'>socios</span> <span class='ocrx_word' id='word_1_125' title='bbox 787 1386 980 1429; x_wconf 86' lang='lat' dir='ltr'>veniente</span> <span class='ocrx_word' id='word_1_126' title='bbox 1004 1387 1146 1429; x_wconf 85' lang='lat' dir='ltr'>vocari</span> 
     </span>
    </p>

    <p class='ocr_par' dir='ltr' id='par_1_15' title="bbox 132 1448 1436 1568">
     <span class='ocr_line' id='line_1_20' title="bbox 132 1448 1436 1505; baseline 0 -15"><span class='ocrx_word' id='word_1_127' title='bbox 132 1450 290 1504; x_wconf 87' lang='lat' dir='ltr'>primus</span> <span class='ocrx_word' id='word_1_128' title='bbox 315 1449 360 1491; x_wconf 92' lang='lat' dir='ltr'>in</span> <span class='ocrx_word' id='word_1_129' title='bbox 383 1464 498 1491; x_wconf 88' lang='lat' dir='ltr'>arma</span> <span class='ocrx_word' id='word_1_130' title='bbox 521 1448 618 1490; x_wconf 92' lang='lat' dir='ltr'>iube</span> <span class='ocrx_word' id='word_1_131' title='bbox 643 1454 684 1490; x_wconf 87' lang='lat' dir='ltr'>et</span> <span class='ocrx_word' id='word_1_132' title='bbox 707 1448 887 1504; x_wconf 89' lang='lat' dir='ltr'>clipeum</span> <span class='ocrx_word' id='word_1_133' title='bbox 911 1463 1032 1504; x_wconf 90' lang='lat' dir='ltr'>cape,</span> <span class='ocrx_word' id='word_1_134' title='bbox 1058 1463 1184 1502; x_wconf 88' lang='lat' dir='ltr'>quem</span> <span class='ocrx_word' id='word_1_135' title='bbox 1208 1448 1321 1491; x_wconf 87' lang='lat' dir='ltr'>dedit</span> <span class='ocrx_word' id='word_1_136' title='bbox 1345 1448 1436 1505; x_wconf 89' lang='lat' dir='ltr'>ipse</span> 
     </span>
     <span class='ocr_line' id='line_1_21' title="bbox 133 1511 1189 1568; baseline 0 -15"><span class='ocrx_word' id='word_1_137' title='bbox 133 1512 334 1553; x_wconf 85' lang='lat' dir='ltr'>invictum</span> <span class='ocrx_word' id='word_1_138' title='bbox 357 1511 613 1568; x_wconf 85' lang='lat' dir='ltr'>ignipotens,</span> <span class='ocrx_word' id='word_1_139' title='bbox 639 1517 762 1566; x_wconf 88' lang='lat' dir='ltr'>atque</span> <span class='ocrx_word' id='word_1_140' title='bbox 788 1526 881 1553; x_wconf 87' lang='lat' dir='ltr'>oras</span> <span class='ocrx_word' id='word_1_141' title='bbox 907 1511 1051 1553; x_wconf 90' lang='lat' dir='ltr'>ambiit</span> <span class='ocrx_word' id='word_1_142' title='bbox 1075 1526 1189 1553; x_wconf 84' lang='lat' dir='ltr'>auro.</span> 
     </span>
    </p>

    <p class='ocr_par' dir='ltr' id='par_1_16' title="bbox 134 1573 1190 1630">
     <span class='ocr_line' id='line_1_22' title="bbox 134 1573 1190 1630; baseline 0 -15"><span class='ocrx_word' id='word_1_143' title='bbox 134 1573 313 1616; x_wconf 86' lang='lat' dir='ltr'>crastina</span> <span class='ocrx_word' id='word_1_144' title='bbox 334 1573 426 1624; x_wconf 74' lang='lat' dir='ltr'>lux,</span> <span class='ocrx_word' id='word_1_145' title='bbox 452 1588 546 1615; x_wconf 90' lang='lat' dir='ltr'>mea</span> <span class='ocrx_word' id='word_1_146' title='bbox 570 1574 607 1616; x_wconf 87' lang='lat' dir='ltr'>si</span> <span class='ocrx_word' id='word_1_147' title='bbox 630 1589 714 1616; x_wconf 93' lang='lat' dir='ltr'>non</span> <span class='ocrx_word' id='word_1_148' title='bbox 737 1573 860 1615; x_wconf 89' lang='lat' dir='ltr'>inrita</span> <span class='ocrx_word' id='word_1_149' title='bbox 884 1573 995 1615; x_wconf 85' lang='lat' dir='ltr'>dicta</span> <span class='ocrx_word' id='word_1_150' title='bbox 1017 1574 1190 1630; x_wconf 88' lang='lat' dir='ltr'>putaris,</span> 
     </span>
    </p>

    <p class='ocr_par' dir='ltr' id='par_1_17' title="bbox 133 1635 1597 1754">
     <span class='ocr_line' id='line_1_23' title="bbox 133 1635 1597 1692; baseline 0.002 -15"><span class='ocrx_word' id='word_1_151' title='bbox 133 1636 313 1692; x_wconf 87' lang='lat' dir='ltr'>ingentis</span> <span class='ocrx_word' id='word_1_152' title='bbox 337 1636 518 1678; x_wconf 82' lang='lat' dir='ltr'>Rutulae</span> <span class='ocrx_word' id='word_1_153' title='bbox 544 1635 748 1691; x_wconf 81' lang='lat' dir='ltr'>spectabit</span> <span class='ocrx_word' id='word_1_154' title='bbox 771 1635 911 1678; x_wconf 85' lang='lat' dir='ltr'>caedis</span> <span class='ocrx_word' id='word_1_155' title='bbox 942 1638 1154 1678; x_wconf 70' lang='lat' dir='ltr'>acervos.“</span> <span class='ocrx_word' id='word_1_156' title='bbox 1531 1648 1597 1680; x_wconf 73' lang='lat'>215</span> 
     </span>
     <span class='ocr_line' id='line_1_24' title="bbox 134 1698 1127 1754; baseline 0.001 -15"><span class='ocrx_word' id='word_1_157' title='bbox 134 1698 312 1748; x_wconf 86' lang='lat' dir='ltr'>dixerat,</span> <span class='ocrx_word' id='word_1_158' title='bbox 338 1704 380 1740; x_wconf 92' lang='lat' dir='ltr'>et</span> <span class='ocrx_word' id='word_1_159' title='bbox 402 1698 548 1740; x_wconf 84' lang='lat' dir='ltr'>dextra</span> <span class='ocrx_word' id='word_1_160' title='bbox 571 1698 790 1740; x_wconf 85' lang='lat' dir='ltr'>discedens</span> <span class='ocrx_word' id='word_1_161' title='bbox 814 1698 963 1754; x_wconf 87' lang='lat' dir='ltr'>inpth</span> <span class='ocrx_word' id='word_1_162' title='bbox 987 1698 1127 1749; x_wconf 87' lang='lat' dir='ltr'>altam,</span> 
     </span>
    </p>

    <p class='ocr_par' dir='ltr' id='par_1_18' title="bbox 133 1760 1272 1817">
     <span class='ocr_line' id='line_1_25' title="bbox 133 1760 1272 1817; baseline 0.002 -16"><span class='ocrx_word' id='word_1_163' title='bbox 133 1760 247 1801; x_wconf 89' lang='lat' dir='ltr'>haud</span> <span class='ocrx_word' id='word_1_164' title='bbox 269 1760 416 1816; x_wconf 88' lang='lat' dir='ltr'>ignara</span> <span class='ocrx_word' id='word_1_165' title='bbox 438 1760 571 1811; x_wconf 91' lang='lat' dir='ltr'>modi,</span> <span class='ocrx_word' id='word_1_166' title='bbox 595 1761 790 1816; x_wconf 83' lang='lat' dir='ltr'>puppim:</span> <span class='ocrx_word' id='word_1_167' title='bbox 814 1760 923 1817; x_wconf 81' lang='lat' dir='ltr'>fugit</span> <span class='ocrx_word' id='word_1_168' title='bbox 946 1760 1017 1802; x_wconf 87' lang='lat' dir='ltr'>illa</span> <span class='ocrx_word' id='word_1_169' title='bbox 1039 1775 1115 1816; x_wconf 89' lang='lat' dir='ltr'>per</span> <span class='ocrx_word' id='word_1_170' title='bbox 1137 1761 1272 1803; x_wconf 87' lang='lat' dir='ltr'>undas</span> 
     </span>
    </p>

    <p class='ocr_par' dir='ltr' id='par_1_19' title="bbox 135 1823 1122 1880">
     <span class='ocr_line' id='line_1_26' title="bbox 135 1823 1122 1880; baseline 0.002 -16"><span class='ocrx_word' id='word_1_171' title='bbox 135 1823 246 1865; x_wconf 89' lang='lat' dir='ltr'>ocior</span> <span class='ocrx_word' id='word_1_172' title='bbox 270 1830 311 1865; x_wconf 91' lang='lat' dir='ltr'>et</span> <span class='ocrx_word' id='word_1_173' title='bbox 333 1824 469 1866; x_wconf 86' lang='lat' dir='ltr'>iaculo</span> <span class='ocrx_word' id='word_1_174' title='bbox 494 1830 534 1866; x_wconf 88' lang='lat' dir='ltr'>et</span> <span class='ocrx_word' id='word_1_175' title='bbox 557 1831 705 1867; x_wconf 84' lang='lat' dir='ltr'>ventos</span> <span class='ocrx_word' id='word_1_176' title='bbox 729 1830 932 1879; x_wconf 86' lang='lat' dir='ltr'>aequante</span> <span class='ocrx_word' id='word_1_177' title='bbox 958 1825 1122 1880; x_wconf 75' lang='lat' dir='ltr'>sagitta.</span> 
     </span>
    </p>

    <p class='ocr_par' dir='ltr' id='par_1_20' title="bbox 134 1884 1210 1942">
     <span class='ocr_line' id='line_1_27' title="bbox 134 1884 1210 1942; baseline 0.002 -16"><span class='ocrx_word' id='word_1_178' title='bbox 134 1884 231 1927; x_wconf 88' lang='lat' dir='ltr'>inde</span> <span class='ocrx_word' id='word_1_179' title='bbox 254 1885 359 1927; x_wconf 86' lang='lat' dir='ltr'>aliae</span> <span class='ocrx_word' id='word_1_180' title='bbox 384 1885 565 1928; x_wconf 84' lang='lat' dir='ltr'>celerant</span> <span class='ocrx_word' id='word_1_181' title='bbox 589 1901 748 1929; x_wconf 88' lang='lat' dir='ltr'>cursus.</span> <span class='ocrx_word' id='word_1_182' title='bbox 775 1892 915 1942; x_wconf 89' lang='lat' dir='ltr'>stupet</span> <span class='ocrx_word' id='word_1_183' title='bbox 937 1886 1094 1928; x_wconf 87' lang='lat' dir='ltr'>inscius</span> <span class='ocrx_word' id='word_1_184' title='bbox 1118 1886 1210 1942; x_wconf 87' lang='lat' dir='ltr'>ipse</span> 
     </span>
    </p>

    <p class='ocr_par' dir='ltr' id='par_1_21' title="bbox 135 1946 1598 2067">
     <span class='ocr_line' id='line_1_28' title="bbox 136 1946 1598 1999; baseline 0.003 -10"><span class='ocrx_word' id='word_1_185' title='bbox 136 1947 244 1990; x_wconf 84' lang='lat' dir='ltr'>Tros</span> <span class='ocrx_word' id='word_1_186' title='bbox 267 1946 567 1999; x_wconf 88' lang='lat' dir='ltr'>Anchisiades,</span> <span class='ocrx_word' id='word_1_187' title='bbox 592 1949 753 1991; x_wconf 84' lang='lat' dir='ltr'>animos</span> <span class='ocrx_word' id='word_1_188' title='bbox 778 1954 918 1991; x_wconf 87' lang='lat' dir='ltr'>tamen</span> <span class='ocrx_word' id='word_1_189' title='bbox 941 1948 1078 1991; x_wconf 88' lang='lat' dir='ltr'>omine</span> <span class='ocrx_word' id='word_1_190' title='bbox 1102 1949 1219 1991; x_wconf 86' lang='lat' dir='ltr'>tollit.</span> <span class='ocrx_word' id='word_1_191' title='bbox 1532 1962 1598 1993; x_wconf 74' lang='lat'>250</span> 
     </span>
     <span class='ocr_line' id='line_1_29' title="bbox 135 2008 1322 2067; baseline 0.003 -17"><span class='ocrx_word' id='word_1_192' title='bbox 135 2016 225 2050; x_wconf 89' lang='lat' dir='ltr'>tum</span> <span class='ocrx_word' id='word_1_193' title='bbox 248 2008 428 2052; x_wconf 89' lang='lat' dir='ltr'>breviter</span> <span class='ocrx_word' id='word_1_194' title='bbox 451 2024 602 2066; x_wconf 88' lang='lat' dir='ltr'>supera</span> <span class='ocrx_word' id='word_1_195' title='bbox 625 2011 874 2067; x_wconf 81' lang='lat' dir='ltr'>adspectans</span> <span class='ocrx_word' id='word_1_196' title='bbox 900 2025 1088 2053; x_wconf 83' lang='lat' dir='ltr'>convexa</span> <span class='ocrx_word' id='word_1_197' title='bbox 1109 2017 1322 2067; x_wconf 83' lang='lat' dir='ltr'>precatur:</span> 
     </span>
    </p>

    <p class='ocr_par' dir='ltr' id='par_1_22' title="bbox 137 2070 1240 2129">
     <span class='ocr_line' id='line_1_30' title="bbox 137 2070 1240 2129; baseline 0.004 -17"><span class='ocrx_word' id='word_1_198' title='bbox 137 2070 273 2123; x_wconf 86' lang='lat' dir='ltr'>„alma</span> <span class='ocrx_word' id='word_1_199' title='bbox 294 2086 446 2127; x_wconf 87' lang='lat' dir='ltr'>parens</span> <span class='ocrx_word' id='word_1_200' title='bbox 470 2072 600 2115; x_wconf 87' lang='lat' dir='ltr'>Idaea</span> <span class='ocrx_word' id='word_1_201' title='bbox 623 2073 766 2124; x_wconf 89' lang='lat' dir='ltr'>deum,</span> <span class='ocrx_word' id='word_1_202' title='bbox 792 2073 860 2115; x_wconf 83' lang='lat' dir='ltr'>cui</span> <span class='ocrx_word' id='word_1_203' title='bbox 882 2073 1101 2129; x_wconf 90' lang='lat' dir='ltr'>Dindyma</span> <span class='ocrx_word' id='word_1_204' title='bbox 1124 2073 1240 2116; x_wconf 86' lang='lat' dir='ltr'>cordi</span> 
     </span>
    </p>

    <p class='ocr_par' dir='ltr' id='par_1_23' title="bbox 136 2133 1236 2192">
     <span class='ocr_line' id='line_1_31' title="bbox 136 2133 1236 2192; baseline 0.003 -17"><span class='ocrx_word' id='word_1_205' title='bbox 136 2133 444 2190; x_wconf 88' lang='lat' dir='ltr'>turrigeraeque</span> <span class='ocrx_word' id='word_1_206' title='bbox 467 2134 593 2177; x_wconf 85' lang='lat' dir='ltr'>urbes</span> <span class='ocrx_word' id='word_1_207' title='bbox 618 2135 834 2192; x_wconf 89' lang='lat' dir='ltr'>biiugique</span> <span class='ocrx_word' id='word_1_208' title='bbox 859 2136 914 2178; x_wconf 88' lang='lat' dir='ltr'>ad</span> <span class='ocrx_word' id='word_1_209' title='bbox 937 2135 1057 2179; x_wconf 88' lang='lat' dir='ltr'>frena</span> <span class='ocrx_word' id='word_1_210' title='bbox 1079 2136 1236 2186; x_wconf 89' lang='lat' dir='ltr'>leones,</span> 
     </span>
    </p>

    <p class='ocr_par' dir='ltr' id='par_1_24' title="bbox 136 2195 1312 2254">
     <span class='ocr_line' id='line_1_32' title="bbox 136 2195 1312 2254; baseline 0.003 -18"><span class='ocrx_word' id='word_1_211' title='bbox 136 2200 183 2236; x_wconf 92' lang='lat' dir='ltr'>tu</span> <span class='ocrx_word' id='word_1_212' title='bbox 204 2195 307 2237; x_wconf 92' lang='lat' dir='ltr'>mihi</span> <span class='ocrx_word' id='word_1_213' title='bbox 329 2211 441 2238; x_wconf 90' lang='lat' dir='ltr'>nunc</span> <span class='ocrx_word' id='word_1_214' title='bbox 463 2212 630 2253; x_wconf 85' lang='lat' dir='ltr'>pugnae</span> <span class='ocrx_word' id='word_1_215' title='bbox 653 2198 866 2253; x_wconf 87' lang='lat' dir='ltr'>princeps,</span> <span class='ocrx_word' id='word_1_216' title='bbox 891 2204 938 2239; x_wconf 87' lang='lat' dir='ltr'>tu</span> <span class='ocrx_word' id='word_1_217' title='bbox 958 2198 1036 2240; x_wconf 88' lang='lat' dir='ltr'>rite</span> <span class='ocrx_word' id='word_1_218' title='bbox 1059 2198 1312 2254; x_wconf 84' lang='lat' dir='ltr'>propinques</span> 
     </span>
    </p>

    <p class='ocr_par' dir='ltr' id='par_1_25' title="bbox 138 2258 1598 2364">
     <span class='ocr_line' id='line_1_33' title="bbox 138 2258 1598 2316; baseline 0.003 -18"><span class='ocrx_word' id='word_1_219' title='bbox 138 2258 377 2313; x_wconf 89' lang='lat' dir='ltr'>augurium,</span> <span class='ocrx_word' id='word_1_220' title='bbox 401 2258 727 2315; x_wconf 86' lang='lat' dir='ltr'>Phrygibusque</span> <span class='ocrx_word' id='word_1_221' title='bbox 752 2260 864 2302; x_wconf 89' lang='lat' dir='ltr'>adsis</span> <span class='ocrx_word' id='word_1_222' title='bbox 887 2261 1015 2316; x_wconf 89' lang='lat' dir='ltr'>pede,</span> <span class='ocrx_word' id='word_1_223' title='bbox 1041 2261 1156 2311; x_wconf 88' lang='lat' dir='ltr'>diva,</span> <span class='ocrx_word' id='word_1_224' title='bbox 1183 2260 1408 2302; x_wconf 87' lang='lat' dir='ltr'>secundo.“</span> <span class='ocrx_word' id='word_1_225' title='bbox 1532 2273 1598 2303; x_wconf 81' lang='lat'>255</span> 
     </span>
     <span class='ocr_line' id='line_1_34' title="bbox 138 2319 1116 2364; baseline 0.004 -5"><span class='ocrx_word' id='word_1_226' title='bbox 138 2325 300 2360; x_wconf 84' lang='lat' dir='ltr'>tantum</span> <span class='ocrx_word' id='word_1_227' title='bbox 324 2319 488 2361; x_wconf 86' lang='lat' dir='ltr'>effatus.</span> <span class='ocrx_word' id='word_1_228' title='bbox 513 2327 555 2362; x_wconf 91' lang='lat' dir='ltr'>et</span> <span class='ocrx_word' id='word_1_229' title='bbox 577 2321 735 2362; x_wconf 87' lang='lat' dir='ltr'>interea</span> <span class='ocrx_word' id='word_1_230' title='bbox 758 2321 946 2363; x_wconf 82' lang='lat' dir='ltr'>revoluta</span> <span class='ocrx_word' id='word_1_231' title='bbox 967 2321 1116 2364; x_wconf 87' lang='lat' dir='ltr'>ruebat</span> 
     </span>
    </p>

    <p class='ocr_par' dir='ltr' id='par_1_26' title="bbox 138 2380 1136 2439">
     <span class='ocr_line' id='line_1_35' title="bbox 138 2380 1136 2439; baseline 0.004 -19"><span class='ocrx_word' id='word_1_232' title='bbox 138 2386 300 2421; x_wconf 86' lang='lat' dir='ltr'>matura</span> <span class='ocrx_word' id='word_1_233' title='bbox 322 2380 407 2421; x_wconf 87' lang='lat' dir='ltr'>iam</span> <span class='ocrx_word' id='word_1_234' title='bbox 429 2380 523 2422; x_wconf 88' lang='lat' dir='ltr'>luce</span> <span class='ocrx_word' id='word_1_235' title='bbox 547 2381 655 2432; x_wconf 89' lang='lat' dir='ltr'>dies,</span> <span class='ocrx_word' id='word_1_236' title='bbox 680 2388 928 2436; x_wconf 88' lang='lat' dir='ltr'>noctemque</span> <span class='ocrx_word' id='word_1_237' title='bbox 951 2383 1136 2439; x_wconf 85' lang='lat' dir='ltr'>fugarat:</span> 
     </span>
    </p>

    <p class='ocr_par' dir='ltr' id='par_1_27' title="bbox 139 2440 1053 2499">
     <span class='ocr_line' id='line_1_36' title="bbox 139 2440 1053 2499; baseline 0.004 -18"><span class='ocrx_word' id='word_1_238' title='bbox 139 2440 341 2496; x_wconf 87' lang='lat' dir='ltr'>principio</span> <span class='ocrx_word' id='word_1_239' title='bbox 366 2441 490 2484; x_wconf 87' lang='lat' dir='ltr'>sociis</span> <span class='ocrx_word' id='word_1_240' title='bbox 515 2442 656 2493; x_wconf 85' lang='lat' dir='ltr'>edicit,</span> <span class='ocrx_word' id='word_1_241' title='bbox 683 2443 804 2499; x_wconf 88' lang='lat' dir='ltr'>signa</span> <span class='ocrx_word' id='word_1_242' title='bbox 828 2450 1053 2498; x_wconf 86' lang='lat' dir='ltr'>sequantur</span> 
     </span>
    </p>

    <p class='ocr_par' dir='ltr' id='par_1_28' title="bbox 140 2503 1311 2562">
     <span class='ocr_line' id='line_1_37' title="bbox 140 2503 1311 2562; baseline 0.004 -19"><span class='ocrx_word' id='word_1_243' title='bbox 140 2509 264 2557; x_wconf 87' lang='lat' dir='ltr'>atque</span> <span class='ocrx_word' id='word_1_244' title='bbox 289 2503 449 2545; x_wconf 87' lang='lat' dir='ltr'>animos</span> <span class='ocrx_word' id='word_1_245' title='bbox 474 2509 618 2560; x_wconf 85' lang='lat' dir='ltr'>aptent</span> <span class='ocrx_word' id='word_1_246' title='bbox 642 2505 786 2555; x_wconf 89' lang='lat' dir='ltr'>armis,</span> <span class='ocrx_word' id='word_1_247' title='bbox 811 2520 1061 2561; x_wconf 86' lang='lat' dir='ltr'>pugnaeque</span> <span class='ocrx_word' id='word_1_248' title='bbox 1084 2512 1230 2562; x_wconf 86' lang='lat' dir='ltr'>parent</span> <span class='ocrx_word' id='word_1_249' title='bbox 1253 2521 1311 2548; x_wconf 89' lang='lat' dir='ltr'>se.</span> 
     </span>
    </p>

    <p class='ocr_par' dir='ltr' id='par_1_29' title="bbox 140 2564 1597 2684">
     <span class='ocr_line' id='line_1_38' title="bbox 140 2564 1597 2622; baseline 0.005 -16"><span class='ocrx_word' id='word_1_250' title='bbox 140 2564 305 2619; x_wconf 86' lang='lat' dir='ltr'>iamque</span> <span class='ocrx_word' id='word_1_251' title='bbox 328 2565 373 2607; x_wconf 89' lang='lat' dir='ltr'>in</span> <span class='ocrx_word' id='word_1_252' title='bbox 396 2573 623 2622; x_wconf 87' lang='lat' dir='ltr'>conspectu</span> <span class='ocrx_word' id='word_1_253' title='bbox 646 2567 831 2609; x_wconf 89' lang='lat' dir='ltr'>Teucros</span> <span class='ocrx_word' id='word_1_254' title='bbox 856 2567 982 2610; x_wconf 86' lang='lat' dir='ltr'>habet</span> <span class='ocrx_word' id='word_1_255' title='bbox 1006 2574 1047 2609; x_wconf 93' lang='lat' dir='ltr'>et</span> <span class='ocrx_word' id='word_1_256' title='bbox 1071 2583 1147 2610; x_wconf 90' lang='lat' dir='ltr'>sua</span> <span class='ocrx_word' id='word_1_257' title='bbox 1170 2574 1318 2618; x_wconf 88' lang='lat' dir='ltr'>castra,</span> <span class='ocrx_word' id='word_1_258' title='bbox 1532 2582 1597 2614; x_wconf 81' lang='lat'>260</span> 
     </span>
     <span class='ocr_line' id='line_1_39' title="bbox 142 2627 1326 2684; baseline 0.003 -16"><span class='ocrx_word' id='word_1_259' title='bbox 142 2627 394 2669; x_wconf 86' lang='lat' dir='ltr'>stans-celsa</span> <span class='ocrx_word' id='word_1_260' title='bbox 416 2627 460 2669; x_wconf 91' lang='lat' dir='ltr'>in</span> <span class='ocrx_word' id='word_1_261' title='bbox 482 2628 634 2684; x_wconf 90' lang='lat' dir='ltr'>puppi,</span> <span class='ocrx_word' id='word_1_262' title='bbox 660 2628 839 2684; x_wconf 89' lang='lat' dir='ltr'>clipeum</span> <span class='ocrx_word' id='word_1_263' title='bbox 863 2644 959 2671; x_wconf 90' lang='lat' dir='ltr'>cum</span> <span class='ocrx_word' id='word_1_264' title='bbox 983 2630 1133 2672; x_wconf 89' lang='lat' dir='ltr'>deinde</span> <span class='ocrx_word' id='word_1_265' title='bbox 1158 2630 1326 2672; x_wconf 86' lang='lat' dir='ltr'>sinistra</span> 
     </span>
    </p>

    <p class='ocr_par' dir='ltr' id='par_1_30' title="bbox 143 2688 1194 2734">
     <span class='ocr_line' id='line_1_40' title="bbox 143 2688 1194 2734; baseline 0.005 -5"><span class='ocrx_word' id='word_1_266' title='bbox 143 2688 288 2730; x_wconf 84' lang='lat' dir='ltr'>extulit</span> <span class='ocrx_word' id='word_1_267' title='bbox 310 2690 536 2732; x_wconf 89' lang='lat' dir='ltr'>ardentem.</span> <span class='ocrx_word' id='word_1_268' title='bbox 563 2691 785 2733; x_wconf 87' lang='lat' dir='ltr'>clamorem</span> <span class='ocrx_word' id='word_1_269' title='bbox 809 2692 863 2733; x_wconf 90' lang='lat' dir='ltr'>ad</span> <span class='ocrx_word' id='word_1_270' title='bbox 887 2692 1023 2734; x_wconf 89' lang='lat' dir='ltr'>sidera</span> <span class='ocrx_word' id='word_1_271' title='bbox 1046 2693 1194 2734; x_wconf 88' lang='lat' dir='ltr'>tollunt</span> 
     </span>
    </p>

    <p class='ocr_par' dir='ltr' id='par_1_31' title="bbox 142 2749 1239 2809">
     <span class='ocr_line' id='line_1_41' title="bbox 142 2749 1239 2809; baseline 0.006 -18"><span class='ocrx_word' id='word_1_272' title='bbox 142 2749 410 2794; x_wconf 84' lang='lat' dir='ltr'>Dardanidae</span> <span class='ocrx_word' id='word_1_273' title='bbox 434 2767 457 2794; x_wconf 89' lang='lat' dir='ltr'>e</span> <span class='ocrx_word' id='word_1_274' title='bbox 481 2753 629 2804; x_wconf 86' lang='lat' dir='ltr'>muris3</span> <span class='ocrx_word' id='word_1_275' title='bbox 654 2768 750 2809; x_wconf 89' lang='lat' dir='ltr'>spes</span> <span class='ocrx_word' id='word_1_276' title='bbox 775 2754 915 2796; x_wconf 87' lang='lat' dir='ltr'>addita</span> <span class='ocrx_word' id='word_1_277' title='bbox 940 2755 1113 2797; x_wconf 87' lang='lat' dir='ltr'>suscitat</span> <span class='ocrx_word' id='word_1_278' title='bbox 1135 2756 1239 2807; x_wconf 87' lang='lat' dir='ltr'>iras,</span> 
     </span>
    </p>
   </div>
  </div>
 </body>
</html>
