1794 3048
248 408 314 438 420

254 1011 319 1042 430

259 1318 320 1347 435

261 1622 324 1652 440

262 1926 326 1956 ⁴115

265 2229 330 2260 450

269 2536 331 2565 455

337 285 393 327 54
737 290 777 323 P.
796 285 1026 323 VERGILII
1045 283 1268 320 MARONIS

395 393 549 435 Contra
571 405 652 432 non
676 389 758 430 ulla
782 394 844 428 est
867 386 965 427 oleis
990 385 1165 427 cultura:
1189 398 1320 437 neque
1345 384 1436 425 illae

336 466 578 509 procurvam
602 454 840 503 exspectant
862 446 1011 487 falcem
1033 451 1267 498 rastrosque
1291 449 1465 494 tenaces,
1483 496 1486 498 Β

338 529 432 556 cum
457 511 581 554 semel
604 511 822 551 haeserunt
845 507 952 549 arvis
978 520 1178 559 aurasque
1201 506 1390 546 tulerunt.

337 575 428 629 ipsa
452 573 550 614 satis
574 571 713 620 tellus,
739 584 832 610 eum
856 569 977 609 dente
1000 567 1221 608 recluditur
1243 580 1363 614 unco,

339 633 490 676 sufficit
511 632 724 673 humorem
748 636 788 671 et
810 628 999 685 gravidas
1025 642 1118 669 eum
1140 641 1303 668 vomere
1327 626 1480 681 fruges.

338 695 417 735 hoc
439 693 636 748 pinguem
660 698 699 733 et
721 691 913 746 placitam
935 689 1037 730 Paci
1058 688 1231 729 nutritor
1253 687 1414 729 olivam.

393 755 526 796 Poma
548 767 729 807 quoque,
755 758 800 793 ut
822 751 999 806 primum
1023 756 1186 791 truncos
1214 763 1377 791 sensere
1401 747 1581 789 valentes

340 822 380 857 et
402 816 508 857 vires
531 814 710 856 habuere
735 829 848 863 suas,
873 813 926 854 ad
950 812 1082 854 sidera
1104 811 1251 865 raptim

342 877 381 917 vi
402 875 566 931 propria
587 875 769 916 nituntur
792 874 961 929 opisque
984 873 1095 914 haud
1117 872 1256 927 indiga
1279 876 1453 912 nostrae.

340 952 417 979 nec
439 938 574 978 minus
597 937 751 978 interea
773 935 860 976 fetu
882 949 1027 976 nemus
1052 948 1171 975 omne
1195 932 1408 988 gravescit,

343 998 656 1054 sanguineisque
680 997 832 1038 inculta
853 995 1000 1038 rubent
1023 995 1174 1036 aviaria
1196 994 1321 1035 bacis.

342 1061 559 1101 tondentur
582 1059 718 1114 cytisi,
744 1058 883 1100 taedas
909 1057 1012 1098 silva
1034 1056 1115 1098 alta
1138 1055 1350 1103 ministrat,

343 1126 643 1176 pascunturque
666 1119 782 1175 ignes
806 1118 993 1160 nocturni
1016 1123 1057 1159 et
1078 1117 1232 1158 lumina
1254 1115 1443 1156 fundunt.

345 1182 405 1239 [et
416 1180 602 1222 dubitant
615 1180 799 1222 homines
825 1194 956 1221 serere
980 1185 1101 1233 atque
1124 1177 1343 1232 inpendere
1367 1172 1552 1227 euram?]

345 1243 443 1296 quid
466 1242 619 1283 maiora
642 1241 812 1295 sequar?
836 1241 980 1282 salices
1003 1239 1258 1291 humilesque
1282 1237 1478 1292 genistae,

346 1310 414 1345 aut
437 1303 529 1343 illae
552 1302 690 1356 pecori
712 1301 898 1343 frondem
922 1307 992 1342 aut
1013 1299 1245 1355 pastoribus
1269 1297 1456 1338 umbram

346 1363 571 1413 sufficiunt,
597 1377 842 1416 saepemque
867 1362 964 1403 satis
989 1366 1029 1402 et
1050 1359 1202 1414 pabula
1225 1358 1347 1399 melli.

346 1431 386 1466 et
409 1425 521 1464 iuvat
543 1423 765 1463 undantem
789 1422 899 1463 buxo
924 1427 1107 1476 spectare
1133 1419 1332 1475 Cytorum

345 1484 625 1539 Naryciaeque
648 1483 750 1537 picis
774 1483 908 1532 lucos,
932 1482 1045 1523 iuvat
1068 1496 1167 1522 arva
1189 1480 1326 1521 videre

346 1561 429 1588 non
452 1545 609 1594 rastris,
634 1543 845 1585 hominum
867 1558 949 1584 non
971 1543 1044 1583 ulli
1067 1541 1243 1584 obnoxia
1266 1554 1398 1582 curae.

347 1608 460 1662 ipsae
487 1605 690 1647 Caucasio
715 1604 870 1646 steriles
894 1604 937 1645 in
959 1604 1109 1646 vertice
1134 1603 1272 1652 silvae,

347 1683 449 1721 quas
473 1666 645 1708 animosi
669 1666 755 1707 euri
778 1666 948 1707 adsidue
971 1666 1246 1720 franguntque
1269 1662 1498 1716 feruntque,

348 1730 445 1770 dant
469 1728 569 1769 alios
594 1727 696 1769 aliae
720 1727 847 1776 fetus,
872 1727 970 1767 dant
991 1726 1090 1767 utile
1113 1725 1271 1780 lignum

349 1789 522 1843 navigiis
545 1789 682 1843 pinos,
708 1787 898 1829 domibus
922 1787 1169 1840 cedrumque
1194 1798 1501 1840 cupressosque.

350 1851 443 1890 hinc
466 1849 601 1891 radios
625 1849 770 1899 trivere
793 1849 912 1897 rotis,
936 1848 1034 1888 hinc
1057 1853 1251 1902 tympana
1272 1845 1465 1900 plaustris

352 1910 552 1966 agricolae
577 1915 617 1950 ct
639 1909 796 1964 pandas
819 1908 975 1950 ratibus
998 1922 1172 1963 posuere
1196 1907 1365 1948 carinas.

350 1970 569 2013 viminibus
595 1970 738 2012 salices
762 1970 980 2019 fecundae,
1004 1968 1217 2010 frondibus
1241 1967 1353 2016 ulmi,

352 2039 393 2074 at
415 2038 572 2087 myrtus
596 2032 741 2073 validis
764 2031 979 2073 hastilibus
1004 2036 1044 2071 et
1066 2030 1174 2072 bona
1196 2029 1303 2070 bello

353 2109 518 2143 cornus3
543 2093 727 2134 Ituraeos
752 2093 836 2135 taxi
859 2097 1098 2146 torquentur
1118 2091 1161 2132 in
1185 2105 1314 2131 arcus.

352 2169 426 2196 nec
451 2155 559 2195 tiliae
582 2154 693 2195 leves
718 2159 788 2195 aut
811 2159 926 2195 torno
949 2153 1070 2194 rasile
1093 2152 1250 2194 buxum

353 2231 434 2258 non
457 2215 630 2257 formam
654 2215 857 2270 accipiunt
879 2216 1065 2269 ferroque
1089 2219 1284 2255 cavantur
1307 2217 1438 2253 acuto.

353 2292 429 2319 nec
452 2292 535 2319 non
558 2283 598 2318 et
620 2282 837 2318 torrentem
861 2276 1012 2318 undam
1036 2275 1137 2316 levis
1161 2275 1316 2316 innatat
1339 2273 1455 2314 alnus

354 2339 481 2380 missa
503 2338 637 2388 Pado,
662 2353 738 2380 nec
760 2353 843 2379 non
867 2343 906 2378 et
930 2351 1029 2391 apes
1055 2336 1242 2377 examina
1266 2334 1447 2375 condunt

356 2399 654 2453 corticibusque
678 2399 789 2440 cavis
812 2398 1063 2451 vitiosaeque
1086 2397 1188 2438 ilicis
1213 2396 1339 2437 alveo.

355 2461 454 2513 quid
477 2460 784 2501 memorandum
807 2474 935 2514 aeque
958 2458 1164 2500 Baccheia
1186 2458 1292 2499 dona
1314 2455 1514 2497 tulerunt?

356 2522 544 2564 Bacchus
568 2527 608 2563 et
631 2522 684 2562 ad
707 2521 869 2576 culpam
893 2535 1059 2562 caussas
1084 2520 1212 2569 dedit3
1237 2519 1303 2559 ille
1327 2516 1495 2558 furentis

358 2582 586 2624 Centauros
610 2583 690 2624 leto
714 2583 887 2632 domuit,
912 2582 1199 2634 Rhoetumque
1224 2578 1478 2631 Pholumque

357 2650 397 2685 et
419 2659 568 2699 magno
592 2644 800 2699 Hylaeum
822 2643 1013 2698 Lapithis
1023 2648 1190 2684 ‘cratere
1213 2641 1444 2681 minantem.

415 2703 454 2746 O
480 2704 705 2746 fortunatos
729 2705 917 2754 nimium,
943 2719 1017 2746 sua
1041 2703 1076 2745 si
1098 2703 1206 2744 bona
1227 2701 1371 2749 norint,
