<?xml version="1.0" encoding="UTF-8"?>
<!DOCTYPE html PUBLIC "-//W3C//DTD XHTML 1.0 Transitional//EN"
    "http://www.w3.org/TR/xhtml1/DTD/xhtml1-transitional.dtd">
<html xmlns="http://www.w3.org/1999/xhtml" xml:lang="en" lang="en">
 <head>
  <title>
</title>
<meta http-equiv="Content-Type" content="text/html;charset=utf-8" />
  <meta name='ocr-system' content='tesseract 3.04.00' />
  <meta name='ocr-capabilities' content='ocr_page ocr_carea ocr_par ocr_line ocrx_word'/>
</head>
<body>
  <div class='ocr_page' id='page_1' title='image "./operavirg00virguoft_0084.png"; bbox 0 0 1794 3048; ppageno 0'>
   <div class='ocr_carea' id='block_1_1' title="bbox 389 316 1319 358">
    <p class='ocr_par' dir='ltr' id='par_1_1' title="bbox 389 316 1319 358">
     <span class='ocr_line' id='line_1_1' title="bbox 389 316 1319 358; baseline 0.002 -3"><span class='ocrx_word' id='word_1_1' title='bbox 389 316 442 356; x_wconf 77' lang='grc'>52</span> <span class='ocrx_word' id='word_1_2' title='bbox 711 352 722 357; x_wconf 60' lang='grc'><em>,</em></span> <span class='ocrx_word' id='word_1_3' title='bbox 786 322 828 356; x_wconf 80' lang='grc' dir='ltr'>Ρ.</span> <span class='ocrx_word' id='word_1_4' title='bbox 847 321 1077 358; x_wconf 81' lang='lat' dir='ltr'><strong>VERGILII</strong></span> <span class='ocrx_word' id='word_1_5' title='bbox 1095 321 1319 358; x_wconf 83' lang='lat' dir='ltr'><strong>MARONIS</strong></span> 
     </span>
    </p>
   </div>
   <div class='ocr_carea' id='block_1_2' title="bbox 255 422 1724 2783">
    <p class='ocr_par' dir='ltr' id='par_1_2' title="bbox 389 422 1473 598">
     <span class='ocr_line' id='line_1_2' title="bbox 389 422 1300 476; baseline -0.003 -11"><span class='ocrx_word' id='word_1_6' title='bbox 389 425 661 476; x_wconf 80' lang='lat' dir='ltr'>inmissaeque</span> <span class='ocrx_word' id='word_1_7' title='bbox 685 422 795 463; x_wconf 82' lang='lat' dir='ltr'>ferae</span> <span class='ocrx_word' id='word_1_8' title='bbox 820 422 931 462; x_wconf 90' lang='lat' dir='ltr'>silvis</span> <span class='ocrx_word' id='word_1_9' title='bbox 956 427 996 462; x_wconf 90' lang='lat' dir='ltr'>et</span> <span class='ocrx_word' id='word_1_10' title='bbox 1021 422 1153 463; x_wconf 91' lang='lat' dir='ltr'>sidera</span> <span class='ocrx_word' id='word_1_11' title='bbox 1177 422 1300 463; x_wconf 87' lang='lat' dir='ltr'>caelo.</span> 
     </span>
     <span class='ocr_line' id='line_1_3' title="bbox 389 483 1473 537; baseline -0.002 -11"><span class='ocrx_word' id='word_1_12' title='bbox 389 500 465 526; x_wconf 90' lang='lat' dir='ltr'>nec</span> <span class='ocrx_word' id='word_1_13' title='bbox 488 500 551 526; x_wconf 89' lang='lat' dir='ltr'>res</span> <span class='ocrx_word' id='word_1_14' title='bbox 576 484 684 524; x_wconf 91' lang='lat' dir='ltr'>hunc</span> <span class='ocrx_word' id='word_1_15' title='bbox 706 489 868 523; x_wconf 82' lang='lat' dir='ltr'><strong>tenerae</strong></span> <span class='ocrx_word' id='word_1_16' title='bbox 891 489 1059 537; x_wconf 83' lang='lat' dir='ltr'>possent</span> <span class='ocrx_word' id='word_1_17' title='bbox 1081 483 1260 536; x_wconf 87' lang='lat' dir='ltr'>perferre</span> <span class='ocrx_word' id='word_1_18' title='bbox 1283 483 1473 534; x_wconf 84' lang='lat' dir='ltr'>laborem,</span> 
     </span>
     <span class='ocr_line' id='line_1_4' title="bbox 391 542 1420 598; baseline -0.001 -12"><span class='ocrx_word' id='word_1_19' title='bbox 391 548 424 586; x_wconf 84' lang='lat' dir='ltr'>si</span> <span class='ocrx_word' id='word_1_20' title='bbox 449 560 531 586; x_wconf 92' lang='lat' dir='ltr'>non</span> <span class='ocrx_word' id='word_1_21' title='bbox 554 549 666 584; x_wconf 85' lang='lat' dir='ltr'>tanta</span> <span class='ocrx_word' id='word_1_22' title='bbox 690 542 804 595; x_wconf 89' lang='lat' dir='ltr'>quies</span> <span class='ocrx_word' id='word_1_23' title='bbox 828 542 905 583; x_wconf 89' lang='lat' dir='ltr'>iret</span> <span class='ocrx_word' id='word_1_24' title='bbox 926 542 1139 598; x_wconf 82' lang='lat' dir='ltr'><strong>frigusque</strong></span> <span class='ocrx_word' id='word_1_25' title='bbox 1164 543 1420 597; x_wconf 87' lang='lat' dir='ltr'>caloremque</span> 
     </span>
    </p>

    <p class='ocr_par' dir='ltr' id='par_1_3' title="bbox 303 603 1342 658">
     <span class='ocr_line' id='line_1_5' title="bbox 303 603 1342 658; baseline -0.004 -8"><span class='ocrx_word' id='word_1_26' title='bbox 303 620 366 650; x_wconf 76' lang='grc'>345</span> <span class='ocrx_word' id='word_1_27' title='bbox 391 608 494 646; x_wconf 88' lang='lat' dir='ltr'>intcr</span> <span class='ocrx_word' id='word_1_28' title='bbox 517 611 556 645; x_wconf 90' lang='lat' dir='ltr'>et</span> <span class='ocrx_word' id='word_1_29' title='bbox 580 604 783 657; x_wconf 83' lang='lat' dir='ltr'>exciperet</span> <span class='ocrx_word' id='word_1_30' title='bbox 805 603 906 644; x_wconf 89' lang='lat' dir='ltr'>caeli</span> <span class='ocrx_word' id='word_1_31' title='bbox 929 603 1181 658; x_wconf 85' lang='lat' dir='ltr'>indulgentia</span> <span class='ocrx_word' id='word_1_32' title='bbox 1204 610 1342 646; x_wconf 84' lang='lat' dir='ltr'>terras.</span> 
     </span>
    </p>

    <p class='ocr_par' dir='ltr' id='par_1_4' title="bbox 393 665 1724 899">
     <span class='ocr_line' id='line_1_6' title="bbox 447 665 1724 721; baseline 0.001 -16"><span class='ocrx_word' id='word_1_33' title='bbox 447 665 573 717; x_wconf 83' lang='lat' dir='ltr'>Quod</span> <span class='ocrx_word' id='word_1_34' title='bbox 597 669 799 718; x_wconf 88' lang='lat' dir='ltr'>superest,</span> <span class='ocrx_word' id='word_1_35' title='bbox 825 678 1091 717; x_wconf 87' lang='lat' dir='ltr'>quaecunque</span> <span class='ocrx_word' id='word_1_36' title='bbox 1114 678 1275 719; x_wconf 84' lang='lat' dir='ltr'>premes</span> <span class='ocrx_word' id='word_1_37' title='bbox 1299 665 1475 720; x_wconf 89' lang='lat' dir='ltr'>virgulta</span> <span class='ocrx_word' id='word_1_38' title='bbox 1496 680 1569 719; x_wconf 91' lang='lat' dir='ltr'>per</span> <span class='ocrx_word' id='word_1_39' title='bbox 1593 681 1724 721; x_wconf 84' lang='lat' dir='ltr'>agros,</span> 
     </span>
     <span class='ocr_line' id='line_1_7' title="bbox 393 724 1524 780; baseline -0.001 -13"><span class='ocrx_word' id='word_1_40' title='bbox 393 740 539 780; x_wconf 83' lang='lat' dir='ltr'>sparge</span> <span class='ocrx_word' id='word_1_41' title='bbox 563 725 659 765; x_wconf 92' lang='lat' dir='ltr'>fimo</span> <span class='ocrx_word' id='word_1_42' title='bbox 682 724 826 779; x_wconf 88' lang='lat' dir='ltr'>pingui</span> <span class='ocrx_word' id='word_1_43' title='bbox 849 730 888 765; x_wconf 89' lang='lat' dir='ltr'>et</span> <span class='ocrx_word' id='word_1_44' title='bbox 912 725 1039 765; x_wconf 90' lang='lat' dir='ltr'>multa</span> <span class='ocrx_word' id='word_1_45' title='bbox 1062 739 1217 766; x_wconf 86' lang='lat' dir='ltr'>memor</span> <span class='ocrx_word' id='word_1_46' title='bbox 1239 726 1378 767; x_wconf 85' lang='lat' dir='ltr'>occule</span> <span class='ocrx_word' id='word_1_47' title='bbox 1402 732 1524 766; x_wconf 89' lang='lat' dir='ltr'>terra:</span> 
     </span>
     <span class='ocr_line' id='line_1_8' title="bbox 393 785 1601 840; baseline 0 -13"><span class='ocrx_word' id='word_1_48' title='bbox 393 793 463 828; x_wconf 89' lang='lat' dir='ltr'>aut</span> <span class='ocrx_word' id='word_1_49' title='bbox 484 786 661 840; x_wconf 86' lang='lat' dir='ltr'>lapidem</span> <span class='ocrx_word' id='word_1_50' title='bbox 685 785 886 834; x_wconf 89' lang='lat' dir='ltr'>bibulum,</span> <span class='ocrx_word' id='word_1_51' title='bbox 912 791 982 826; x_wconf 87' lang='lat' dir='ltr'>aut</span> <span class='ocrx_word' id='word_1_52' title='bbox 1006 785 1227 838; x_wconf 87' lang='lat' dir='ltr'>squalentis</span> <span class='ocrx_word' id='word_1_53' title='bbox 1250 786 1388 827; x_wconf 84' lang='lat' dir='ltr'>infode</span> <span class='ocrx_word' id='word_1_54' title='bbox 1413 787 1601 828; x_wconf 80' lang='lat' dir='ltr'>conchas.</span> 
     </span>
     <span class='ocr_line' id='line_1_9' title="bbox 393 845 1403 899; baseline 0.001 -12"><span class='ocrx_word' id='word_1_55' title='bbox 393 846 626 888; x_wconf 83' lang='lat' dir='ltr'>inter&#39;enim</span> <span class='ocrx_word' id='word_1_56' title='bbox 650 845 836 886; x_wconf 85' lang='lat' dir='ltr'>labentur</span> <span class='ocrx_word' id='word_1_57' title='bbox 858 859 987 898; x_wconf 88' lang='lat' dir='ltr'>aquae</span> <span class='ocrx_word' id='word_1_58' title='bbox 1011 846 1226 899; x_wconf 88' lang='lat' dir='ltr'>tenuisque</span> <span class='ocrx_word' id='word_1_59' title='bbox 1250 846 1403 888; x_wconf 84' lang='lat' dir='ltr'>subibit</span> 
     </span>
    </p>

    <p class='ocr_par' dir='ltr' id='par_1_5' title="bbox 305 905 1526 1140">
     <span class='ocr_line' id='line_1_10' title="bbox 305 905 1526 962; baseline -0.001 -13"><span class='ocrx_word' id='word_1_60' title='bbox 305 922 368 952; x_wconf 80' lang='lat'>350</span> <span class='ocrx_word' id='word_1_61' title='bbox 391 907 540 948; x_wconf 85' lang='lat' dir='ltr'>halitus</span> <span class='ocrx_word' id='word_1_62' title='bbox 565 913 686 959; x_wconf 87' lang='lat' dir='ltr'>atque</span> <span class='ocrx_word' id='word_1_63' title='bbox 709 905 866 947; x_wconf 82' lang='lat' dir='ltr'>animos</span> <span class='ocrx_word' id='word_1_64' title='bbox 890 906 1030 947; x_wconf 89' lang='lat' dir='ltr'>tollent</span> <span class='ocrx_word' id='word_1_65' title='bbox 1044 906 1159 956; x_wconf 59' lang='lat' dir='ltr'>&#39;sata3</span> <span class='ocrx_word' id='word_1_66' title='bbox 1183 907 1344 961; x_wconf 88' lang='lat' dir='ltr'>iamque</span> <span class='ocrx_word' id='word_1_67' title='bbox 1367 908 1526 962; x_wconf 86' lang='lat' dir='ltr'>reperti,</span> 
     </span>
     <span class='ocr_line' id='line_1_11' title="bbox 393 967 1430 1022; baseline 0.001 -14"><span class='ocrx_word' id='word_1_68' title='bbox 393 969 462 1022; x_wconf 91' lang='lat' dir='ltr'>qui</span> <span class='ocrx_word' id='word_1_69' title='bbox 487 982 586 1009; x_wconf 88' lang='lat' dir='ltr'>saxo</span> <span class='ocrx_word' id='word_1_70' title='bbox 611 981 733 1021; x_wconf 89' lang='lat' dir='ltr'>super</span> <span class='ocrx_word' id='word_1_71' title='bbox 755 973 876 1020; x_wconf 86' lang='lat' dir='ltr'>atque</span> <span class='ocrx_word' id='word_1_72' title='bbox 899 967 1076 1022; x_wconf 89' lang='lat' dir='ltr'>ingentis</span> <span class='ocrx_word' id='word_1_73' title='bbox 1099 968 1278 1022; x_wconf 88' lang='lat' dir='ltr'>pondere</span> <span class='ocrx_word' id='word_1_74' title='bbox 1302 974 1430 1009; x_wconf 87' lang='lat' dir='ltr'>testae</span> 
     </span>
     <span class='ocr_line' id='line_1_12' title="bbox 394 1028 1400 1085; baseline -0.001 -14"><span class='ocrx_word' id='word_1_75' title='bbox 394 1035 630 1085; x_wconf 88' lang='lat' dir='ltr'>urguerent:</span> <span class='ocrx_word' id='word_1_76' title='bbox 654 1028 732 1069; x_wconf 91' lang='lat' dir='ltr'>hoc</span> <span class='ocrx_word' id='word_1_77' title='bbox 755 1028 908 1069; x_wconf 83' lang='lat' dir='ltr'>effusos</span> <span class='ocrx_word' id='word_1_78' title='bbox 932 1028 1139 1070; x_wconf 91' lang='lat' dir='ltr'>munimen</span> <span class='ocrx_word' id='word_1_79' title='bbox 1163 1029 1215 1069; x_wconf 87' lang='lat' dir='ltr'>ad</span> <span class='ocrx_word' id='word_1_80' title='bbox 1238 1029 1400 1078; x_wconf 89' lang='lat' dir='ltr'>imbres,</span> 
     </span>
     <span class='ocr_line' id='line_1_13' title="bbox 394 1089 1424 1140; baseline -0.001 -8"><span class='ocrx_word' id='word_1_81' title='bbox 394 1092 490 1140; x_wconf 91' lang='lat' dir='ltr'>hoc,</span> <span class='ocrx_word' id='word_1_82' title='bbox 515 1089 585 1131; x_wconf 92' lang='lat' dir='ltr'>ubi</span> <span class='ocrx_word' id='word_1_83' title='bbox 607 1089 742 1130; x_wconf 89' lang='lat' dir='ltr'>hiulca</span> <span class='ocrx_word' id='word_1_84' title='bbox 766 1089 831 1130; x_wconf 84' lang='lat' dir='ltr'>siti</span> <span class='ocrx_word' id='word_1_85' title='bbox 855 1089 971 1130; x_wconf 80' lang='lat' dir='ltr'>findit</span> <span class='ocrx_word' id='word_1_86' title='bbox 994 1090 1105 1130; x_wconf 85' lang='lat' dir='ltr'>canis</span> <span class='ocrx_word' id='word_1_87' title='bbox 1129 1090 1293 1131; x_wconf 79' lang='lat' dir='ltr'>aestifer</span> <span class='ocrx_word' id='word_1_88' title='bbox 1316 1106 1424 1131; x_wconf 88' lang='lat' dir='ltr'>arva.</span> 
     </span>
    </p>

    <p class='ocr_par' dir='ltr' id='par_1_6' title="bbox 453 1149 1459 1204">
     <span class='ocr_line' id='line_1_14' title="bbox 453 1149 1459 1204; baseline -0.001 -12"><span class='ocrx_word' id='word_1_89' title='bbox 453 1150 688 1193; x_wconf 88' lang='lat' dir='ltr'>Seminibus</span> <span class='ocrx_word' id='word_1_90' title='bbox 712 1149 855 1204; x_wconf 89' lang='lat' dir='ltr'>positis</span> <span class='ocrx_word' id='word_1_91' title='bbox 881 1156 1065 1204; x_wconf 88' lang='lat' dir='ltr'>superest</span> <span class='ocrx_word' id='word_1_92' title='bbox 1089 1151 1288 1191; x_wconf 89' lang='lat' dir='ltr'>deducere</span> <span class='ocrx_word' id='word_1_93' title='bbox 1312 1157 1459 1191; x_wconf 87' lang='lat' dir='ltr'>terram</span> 
     </span>
    </p>

    <p class='ocr_par' dir='ltr' id='par_1_7' title="bbox 255 1211 1461 1509">
     <span class='ocr_line' id='line_1_15' title="bbox 255 1211 1430 1268; baseline -0.004 -11"><span class='ocrx_word' id='word_1_94' title='bbox 255 1223 289 1238; x_wconf 61' lang='lat'>⁸</span> <span class='ocrx_word' id='word_1_95' title='bbox 309 1227 371 1257; x_wconf 81' lang='grc'>355</span> <span class='ocrx_word' id='word_1_96' title='bbox 396 1212 558 1268; x_wconf 88' lang='lat' dir='ltr'>saepius</span> <span class='ocrx_word' id='word_1_97' title='bbox 583 1212 636 1253; x_wconf 86' lang='lat' dir='ltr'>ad</span> <span class='ocrx_word' id='word_1_98' title='bbox 659 1211 792 1266; x_wconf 86' lang='lat' dir='ltr'>capita</span> <span class='ocrx_word' id='word_1_99' title='bbox 815 1217 855 1252; x_wconf 88' lang='lat' dir='ltr'>et</span> <span class='ocrx_word' id='word_1_100' title='bbox 878 1211 1002 1253; x_wconf 88' lang='lat' dir='ltr'>duros</span> <span class='ocrx_word' id='word_1_101' title='bbox 1026 1211 1175 1253; x_wconf 87' lang='lat' dir='ltr'>iactare</span> <span class='ocrx_word' id='word_1_102' title='bbox 1198 1211 1387 1261; x_wconf 88' lang='lat' dir='ltr'>bidentis,</span> <span class='ocrx_word' id='word_1_103' title='bbox 1424 1223 1430 1228; x_wconf 85' lang='grc'><em>·</em></span> 
     </span>
     <span class='ocr_line' id='line_1_16' title="bbox 395 1271 1461 1328; baseline -0.002 -14"><span class='ocrx_word' id='word_1_104' title='bbox 395 1279 465 1315; x_wconf 88' lang='lat' dir='ltr'>aut</span> <span class='ocrx_word' id='word_1_105' title='bbox 486 1287 629 1328; x_wconf 89' lang='lat' dir='ltr'>presso</span> <span class='ocrx_word' id='word_1_106' title='bbox 654 1285 841 1312; x_wconf 90' lang='lat' dir='ltr'>exercere</span> <span class='ocrx_word' id='word_1_107' title='bbox 865 1271 996 1312; x_wconf 93' lang='lat' dir='ltr'>solum</span> <span class='ocrx_word' id='word_1_108' title='bbox 1022 1272 1097 1313; x_wconf 90' lang='lat' dir='ltr'>sub</span> <span class='ocrx_word' id='word_1_109' title='bbox 1120 1287 1284 1313; x_wconf 86' lang='lat' dir='ltr'>vomere</span> <span class='ocrx_word' id='word_1_110' title='bbox 1308 1278 1348 1314; x_wconf 93' lang='lat' dir='ltr'>et</span> <span class='ocrx_word' id='word_1_111' title='bbox 1370 1272 1461 1326; x_wconf 89' lang='lat' dir='ltr'>ipsa</span> 
     </span>
     <span class='ocr_line' id='line_1_17' title="bbox 394 1331 1299 1383; baseline -0.001 -8"><span class='ocrx_word' id='word_1_112' title='bbox 394 1334 555 1375; x_wconf 84' lang='lat' dir='ltr'>flectere</span> <span class='ocrx_word' id='word_1_113' title='bbox 578 1332 777 1373; x_wconf 87' lang='lat' dir='ltr'>luctantes</span> <span class='ocrx_word' id='word_1_114' title='bbox 801 1331 905 1372; x_wconf 83' lang='lat' dir='ltr'>inter</span> <span class='ocrx_word' id='word_1_115' title='bbox 927 1332 1064 1373; x_wconf 86' lang='lat' dir='ltr'>vineta</span> <span class='ocrx_word' id='word_1_116' title='bbox 1086 1333 1299 1383; x_wconf 84' lang='lat' dir='ltr'>iuvencos3</span> 
     </span>
     <span class='ocr_line' id='line_1_18' title="bbox 395 1394 1360 1450; baseline 0.001 -15"><span class='ocrx_word' id='word_1_117' title='bbox 395 1402 482 1435; x_wconf 86' lang='lat' dir='ltr'>tum</span> <span class='ocrx_word' id='word_1_118' title='bbox 504 1394 606 1435; x_wconf 91' lang='lat' dir='ltr'>levis</span> <span class='ocrx_word' id='word_1_119' title='bbox 630 1394 808 1435; x_wconf 83' lang='lat' dir='ltr'>calamos</span> <span class='ocrx_word' id='word_1_120' title='bbox 835 1399 874 1434; x_wconf 94' lang='lat' dir='ltr'>et</span> <span class='ocrx_word' id='word_1_121' title='bbox 897 1408 1012 1435; x_wconf 86' lang='lat' dir='ltr'>rasae</span> <span class='ocrx_word' id='word_1_122' title='bbox 1036 1394 1198 1435; x_wconf 88' lang='lat' dir='ltr'>hastilia</span> <span class='ocrx_word' id='word_1_123' title='bbox 1221 1395 1360 1450; x_wconf 85' lang='lat' dir='ltr'>virgae</span> 
     </span>
     <span class='ocr_line' id='line_1_19' title="bbox 395 1454 1437 1509; baseline 0 -13"><span class='ocrx_word' id='word_1_124' title='bbox 395 1456 679 1508; x_wconf 87' lang='lat' dir='ltr'>fraxineasque</span> <span class='ocrx_word' id='word_1_125' title='bbox 704 1461 842 1509; x_wconf 87' lang='lat' dir='ltr'>aptare</span> <span class='ocrx_word' id='word_1_126' title='bbox 867 1455 989 1495; x_wconf 88' lang='lat' dir='ltr'>sudes</span> <span class='ocrx_word' id='word_1_127' title='bbox 1013 1454 1230 1509; x_wconf 86' lang='lat' dir='ltr'>furcasque</span> <span class='ocrx_word' id='word_1_128' title='bbox 1253 1455 1437 1504; x_wconf 85' lang='lat' dir='ltr'>valentis,</span> 
     </span>
    </p>

    <p class='ocr_par' dir='ltr' id='par_1_8' title="bbox 308 1515 1549 1632">
     <span class='ocr_line' id='line_1_20' title="bbox 308 1515 1376 1569; baseline 0.001 -12"><span class='ocrx_word' id='word_1_129' title='bbox 308 1530 372 1561; x_wconf 84' lang='lat'>360</span> <span class='ocrx_word' id='word_1_130' title='bbox 395 1516 549 1558; x_wconf 89' lang='lat' dir='ltr'>viribus</span> <span class='ocrx_word' id='word_1_131' title='bbox 574 1515 671 1556; x_wconf 89' lang='lat' dir='ltr'>eniti</span> <span class='ocrx_word' id='word_1_132' title='bbox 694 1529 866 1569; x_wconf 89' lang='lat' dir='ltr'>quarum</span> <span class='ocrx_word' id='word_1_133' title='bbox 890 1521 930 1556; x_wconf 90' lang='lat' dir='ltr'>et</span> <span class='ocrx_word' id='word_1_134' title='bbox 953 1522 1209 1557; x_wconf 85' lang='lat' dir='ltr'>contemnere</span> <span class='ocrx_word' id='word_1_135' title='bbox 1233 1523 1376 1558; x_wconf 87' lang='lat' dir='ltr'>ventos</span> 
     </span>
     <span class='ocr_line' id='line_1_21' title="bbox 396 1577 1549 1632; baseline 0 -13"><span class='ocrx_word' id='word_1_136' title='bbox 396 1578 656 1626; x_wconf 82' lang='lat' dir='ltr'>adsuescant,</span> <span class='ocrx_word' id='word_1_137' title='bbox 683 1591 944 1630; x_wconf 87' lang='lat' dir='ltr'>summasque</span> <span class='ocrx_word' id='word_1_138' title='bbox 970 1577 1085 1631; x_wconf 91' lang='lat' dir='ltr'>sequi</span> <span class='ocrx_word' id='word_1_139' title='bbox 1108 1577 1288 1619; x_wconf 87' lang='lat' dir='ltr'>tabulata</span> <span class='ocrx_word' id='word_1_140' title='bbox 1309 1593 1382 1632; x_wconf 91' lang='lat' dir='ltr'>per</span> <span class='ocrx_word' id='word_1_141' title='bbox 1405 1579 1549 1620; x_wconf 85' lang='lat' dir='ltr'>ulmos.</span> 
     </span>
    </p>

    <p class='ocr_par' dir='ltr' id='par_1_9' title="bbox 395 1637 1531 1815">
     <span class='ocr_line' id='line_1_22' title="bbox 451 1637 1531 1692; baseline 0.002 -13"><span class='ocrx_word' id='word_1_142' title='bbox 451 1637 518 1679; x_wconf 87' lang='lat' dir='ltr'>Ac</span> <span class='ocrx_word' id='word_1_143' title='bbox 541 1638 639 1679; x_wconf 90' lang='lat' dir='ltr'>dum</span> <span class='ocrx_word' id='word_1_144' title='bbox 661 1637 793 1692; x_wconf 87' lang='lat' dir='ltr'>prima</span> <span class='ocrx_word' id='word_1_145' title='bbox 815 1637 932 1679; x_wconf 87' lang='lat' dir='ltr'>novis</span> <span class='ocrx_word' id='word_1_146' title='bbox 956 1638 1151 1680; x_wconf 88' lang='lat' dir='ltr'>adolescit</span> <span class='ocrx_word' id='word_1_147' title='bbox 1173 1639 1384 1681; x_wconf 88' lang='lat' dir='ltr'>frondibus</span> <span class='ocrx_word' id='word_1_148' title='bbox 1409 1645 1531 1688; x_wconf 85' lang='lat' dir='ltr'>aetas,</span> 
     </span>
     <span class='ocr_line' id='line_1_23' title="bbox 395 1698 1464 1754; baseline 0.002 -14"><span class='ocrx_word' id='word_1_149' title='bbox 395 1699 645 1754; x_wconf 87' lang='lat' dir='ltr'>parcendum</span> <span class='ocrx_word' id='word_1_150' title='bbox 669 1698 818 1740; x_wconf 82' lang='lat' dir='ltr'>teneris</span> <span class='ocrx_word' id='word_1_151' title='bbox 842 1704 900 1748; x_wconf 87' lang='lat' dir='ltr'>et,</span> <span class='ocrx_word' id='word_1_152' title='bbox 925 1699 1024 1740; x_wconf 90' lang='lat' dir='ltr'>dum</span> <span class='ocrx_word' id='word_1_153' title='bbox 1048 1713 1092 1740; x_wconf 90' lang='lat' dir='ltr'>se</span> <span class='ocrx_word' id='word_1_154' title='bbox 1114 1699 1245 1742; x_wconf 89' lang='lat' dir='ltr'>laetus</span> <span class='ocrx_word' id='word_1_155' title='bbox 1269 1700 1323 1741; x_wconf 90' lang='lat' dir='ltr'>ad</span> <span class='ocrx_word' id='word_1_156' title='bbox 1345 1716 1464 1742; x_wconf 87' lang='lat' dir='ltr'>auras</span> 
     </span>
     <span class='ocr_line' id='line_1_24' title="bbox 396 1759 1479 1815; baseline 0.002 -15"><span class='ocrx_word' id='word_1_157' title='bbox 396 1761 552 1814; x_wconf 86' lang='lat' dir='ltr'>palmes</span> <span class='ocrx_word' id='word_1_158' title='bbox 576 1759 660 1815; x_wconf 87' lang='lat' dir='ltr'>agit</span> <span class='ocrx_word' id='word_1_159' title='bbox 683 1759 786 1800; x_wconf 81' lang='lat' dir='ltr'>laxis</span> <span class='ocrx_word' id='word_1_160' title='bbox 809 1774 883 1814; x_wconf 90' lang='lat' dir='ltr'>per</span> <span class='ocrx_word' id='word_1_161' title='bbox 904 1774 1054 1814; x_wconf 91' lang='lat' dir='ltr'>purum</span> <span class='ocrx_word' id='word_1_162' title='bbox 1077 1760 1271 1802; x_wconf 90' lang='lat' dir='ltr'>inmissus</span> <span class='ocrx_word' id='word_1_163' title='bbox 1295 1760 1479 1811; x_wconf 80' lang='lat' dir='ltr'>habenis,</span> 
     </span>
    </p>

    <p class='ocr_par' dir='ltr' id='par_1_10' title="bbox 310 1821 1532 2118">
     <span class='ocr_line' id='line_1_25' title="bbox 310 1821 1455 1877; baseline 0 -13"><span class='ocrx_word' id='word_1_164' title='bbox 310 1834 373 1864; x_wconf 86' lang='lat'>365</span> <span class='ocrx_word' id='word_1_165' title='bbox 397 1822 488 1875; x_wconf 87' lang='lat' dir='ltr'>ipsa</span> <span class='ocrx_word' id='word_1_166' title='bbox 510 1821 597 1861; x_wconf 86' lang='lat' dir='ltr'>acie</span> <span class='ocrx_word' id='word_1_167' title='bbox 619 1821 800 1862; x_wconf 89' lang='lat' dir='ltr'>nondum</span> <span class='ocrx_word' id='word_1_168' title='bbox 824 1821 941 1862; x_wconf 86' lang='lat' dir='ltr'>falcis</span> <span class='ocrx_word' id='word_1_169' title='bbox 966 1823 1218 1877; x_wconf 87' lang='lat' dir='ltr'>temptanda,</span> <span class='ocrx_word' id='word_1_170' title='bbox 1245 1823 1318 1864; x_wconf 89' lang='lat' dir='ltr'>sed</span> <span class='ocrx_word' id='word_1_171' title='bbox 1339 1823 1455 1864; x_wconf 88' lang='lat' dir='ltr'>uncis</span> 
     </span>
     <span class='ocr_line' id='line_1_26' title="bbox 398 1881 1465 1939; baseline 0.004 -18"><span class='ocrx_word' id='word_1_172' title='bbox 398 1882 623 1936; x_wconf 88' lang='lat' dir='ltr'>carpendae</span> <span class='ocrx_word' id='word_1_173' title='bbox 646 1881 835 1922; x_wconf 87' lang='lat' dir='ltr'>manibus</span> <span class='ocrx_word' id='word_1_174' title='bbox 859 1882 1024 1924; x_wconf 86' lang='lat' dir='ltr'>frondes</span> <span class='ocrx_word' id='word_1_175' title='bbox 1048 1883 1233 1937; x_wconf 88' lang='lat' dir='ltr'>interque</span> <span class='ocrx_word' id='word_1_176' title='bbox 1255 1884 1465 1939; x_wconf 88' lang='lat' dir='ltr'>legendae.</span> 
     </span>
     <span class='ocr_line' id='line_1_27' title="bbox 397 1941 1467 1998; baseline 0.004 -16"><span class='ocrx_word' id='word_1_177' title='bbox 397 1942 491 1982; x_wconf 89' lang='lat' dir='ltr'>inde</span> <span class='ocrx_word' id='word_1_178' title='bbox 514 1941 586 1983; x_wconf 92' lang='lat' dir='ltr'>ubi</span> <span class='ocrx_word' id='word_1_179' title='bbox 608 1942 690 1982; x_wconf 89' lang='lat' dir='ltr'>iam</span> <span class='ocrx_word' id='word_1_180' title='bbox 713 1941 857 1983; x_wconf 88' lang='lat' dir='ltr'>validis</span> <span class='ocrx_word' id='word_1_181' title='bbox 881 1943 1094 1997; x_wconf 86' lang='lat' dir='ltr'>amplexae</span> <span class='ocrx_word' id='word_1_182' title='bbox 1119 1943 1311 1998; x_wconf 84' lang='lat' dir='ltr'>stirpibus</span> <span class='ocrx_word' id='word_1_183' title='bbox 1335 1944 1467 1986; x_wconf 90' lang='lat' dir='ltr'>ulmos</span> 
     </span>
     <span class='ocr_line' id='line_1_28' title="bbox 398 2002 1532 2058; baseline 0.003 -15"><span class='ocrx_word' id='word_1_184' title='bbox 398 2002 585 2052; x_wconf 88' lang='lat' dir='ltr'>exierint,</span> <span class='ocrx_word' id='word_1_185' title='bbox 611 2008 707 2044; x_wconf 89' lang='lat' dir='ltr'>tunc</span> <span class='ocrx_word' id='word_1_186' title='bbox 732 2003 884 2058; x_wconf 88' lang='lat' dir='ltr'>stringe</span> <span class='ocrx_word' id='word_1_187' title='bbox 909 2018 1067 2054; x_wconf 88' lang='lat' dir='ltr'>comas,</span> <span class='ocrx_word' id='word_1_188' title='bbox 1092 2010 1189 2046; x_wconf 88' lang='lat' dir='ltr'>tunc</span> <span class='ocrx_word' id='word_1_189' title='bbox 1212 2004 1377 2046; x_wconf 86' lang='lat' dir='ltr'>brachia</span> <span class='ocrx_word' id='word_1_190' title='bbox 1399 2006 1532 2046; x_wconf 87' lang='lat' dir='ltr'>tonde.</span> 
     </span>
     <span class='ocr_line' id='line_1_29' title="bbox 398 2063 1408 2118; baseline 0.002 -14"><span class='ocrx_word' id='word_1_191' title='bbox 398 2069 490 2104; x_wconf 89' lang='lat' dir='ltr'>ante</span> <span class='ocrx_word' id='word_1_192' title='bbox 513 2063 779 2104; x_wconf 87' lang='lat' dir='ltr'>reformidant</span> <span class='ocrx_word' id='word_1_193' title='bbox 800 2063 971 2106; x_wconf 82' lang='lat' dir='ltr'>ferrum:</span> <span class='ocrx_word' id='word_1_194' title='bbox 998 2070 1085 2105; x_wconf 89' lang='lat' dir='ltr'>tum</span> <span class='ocrx_word' id='word_1_195' title='bbox 1108 2065 1283 2118; x_wconf 91' lang='lat' dir='ltr'>denique</span> <span class='ocrx_word' id='word_1_196' title='bbox 1307 2066 1408 2106; x_wconf 90' lang='lat' dir='ltr'>dura</span> 
     </span>
    </p>

    <p class='ocr_par' dir='ltr' id='par_1_11' title="bbox 311 2124 1400 2180">
     <span class='ocr_line' id='line_1_30' title="bbox 311 2124 1400 2180; baseline 0.001 -14"><span class='ocrx_word' id='word_1_197' title='bbox 311 2136 374 2166; x_wconf 85' lang='lat'>370</span> <span class='ocrx_word' id='word_1_198' title='bbox 398 2138 541 2165; x_wconf 88' lang='lat' dir='ltr'>exerce</span> <span class='ocrx_word' id='word_1_199' title='bbox 564 2124 734 2179; x_wconf 88' lang='lat' dir='ltr'>imperia</span> <span class='ocrx_word' id='word_1_200' title='bbox 756 2129 797 2165; x_wconf 91' lang='lat' dir='ltr'>et</span> <span class='ocrx_word' id='word_1_201' title='bbox 818 2139 953 2166; x_wconf 89' lang='lat' dir='ltr'>ramos</span> <span class='ocrx_word' id='word_1_202' title='bbox 979 2139 1193 2180; x_wconf 89' lang='lat' dir='ltr'>compesce</span> <span class='ocrx_word' id='word_1_203' title='bbox 1217 2125 1400 2167; x_wconf 87' lang='lat' dir='ltr'>fluentes.</span> 
     </span>
    </p>

    <p class='ocr_par' dir='ltr' id='par_1_12' title="bbox 390 2184 1598 2422">
     <span class='ocr_line' id='line_1_31' title="bbox 455 2184 1598 2240; baseline 0.003 -16"><span class='ocrx_word' id='word_1_204' title='bbox 455 2184 673 2225; x_wconf 87' lang='lat' dir='ltr'>Texendae</span> <span class='ocrx_word' id='word_1_205' title='bbox 699 2199 841 2239; x_wconf 85' lang='lat' dir='ltr'>saepes</span> <span class='ocrx_word' id='word_1_206' title='bbox 867 2185 988 2226; x_wconf 89' lang='lat' dir='ltr'>etiam</span> <span class='ocrx_word' id='word_1_207' title='bbox 1013 2191 1054 2226; x_wconf 91' lang='lat' dir='ltr'>et</span> <span class='ocrx_word' id='word_1_208' title='bbox 1074 2200 1200 2240; x_wconf 90' lang='lat' dir='ltr'>pecus</span> <span class='ocrx_word' id='word_1_209' title='bbox 1225 2201 1345 2227; x_wconf 89' lang='lat' dir='ltr'>omne</span> <span class='ocrx_word' id='word_1_210' title='bbox 1368 2187 1598 2236; x_wconf 90' lang='lat' dir='ltr'>tenendum,</span> 
     </span>
     <span class='ocr_line' id='line_1_32' title="bbox 396 2245 1575 2301; baseline 0.002 -15"><span class='ocrx_word' id='word_1_211' title='bbox 396 2245 613 2300; x_wconf 89' lang='lat' dir='ltr'>praecipue</span> <span class='ocrx_word' id='word_1_212' title='bbox 637 2246 735 2286; x_wconf 92' lang='lat' dir='ltr'>dum</span> <span class='ocrx_word' id='word_1_213' title='bbox 758 2246 868 2287; x_wconf 90' lang='lat' dir='ltr'>frons</span> <span class='ocrx_word' id='word_1_214' title='bbox 893 2251 1031 2288; x_wconf 84' lang='lat' dir='ltr'>tenera</span> <span class='ocrx_word' id='word_1_215' title='bbox 1052 2246 1355 2301; x_wconf 87' lang='lat' dir='ltr'>inprudensque</span> <span class='ocrx_word' id='word_1_216' title='bbox 1378 2247 1575 2297; x_wconf 85' lang='lat' dir='ltr'>laborum,</span> 
     </span>
     <span class='ocr_line' id='line_1_33' title="bbox 398 2305 1462 2362; baseline 0.002 -16"><span class='ocrx_word' id='word_1_217' title='bbox 398 2305 464 2346; x_wconf 90' lang='lat' dir='ltr'>cui</span> <span class='ocrx_word' id='word_1_218' title='bbox 488 2320 610 2360; x_wconf 88' lang='lat' dir='ltr'>super</span> <span class='ocrx_word' id='word_1_219' title='bbox 631 2305 819 2361; x_wconf 86' lang='lat' dir='ltr'>indignas</span> <span class='ocrx_word' id='word_1_220' title='bbox 843 2306 999 2348; x_wconf 88' lang='lat' dir='ltr'>hiemes</span> <span class='ocrx_word' id='word_1_221' title='bbox 1025 2306 1233 2360; x_wconf 90' lang='lat' dir='ltr'>solemque</span> <span class='ocrx_word' id='word_1_222' title='bbox 1255 2313 1462 2362; x_wconf 90' lang='lat' dir='ltr'>potentem</span> 
     </span>
     <span class='ocr_line' id='line_1_34' title="bbox 390 2366 1352 2422; baseline 0.002 -15"><span class='ocrx_word' id='word_1_223' title='bbox 390 2366 603 2408; x_wconf 63' lang='lat' dir='ltr'>‘silvestres</span> <span class='ocrx_word' id='word_1_224' title='bbox 627 2366 690 2407; x_wconf 86' lang='lat' dir='ltr'>uri</span> <span class='ocrx_word' id='word_1_225' title='bbox 713 2367 882 2407; x_wconf 90' lang='lat' dir='ltr'>adsidue</span> <span class='ocrx_word' id='word_1_226' title='bbox 906 2381 1132 2422; x_wconf 88' lang='lat' dir='ltr'>capraeque</span> <span class='ocrx_word' id='word_1_227' title='bbox 1157 2382 1352 2421; x_wconf 88' lang='lat' dir='ltr'>sequaces</span> 
     </span>
    </p>

    <p class='ocr_par' dir='ltr' id='par_1_13' title="bbox 311 2423 1493 2724">
     <span class='ocr_line' id='line_1_35' title="bbox 311 2423 1450 2482; baseline 0.002 -14"><span class='ocrx_word' id='word_1_228' title='bbox 311 2439 375 2469; x_wconf 84' lang='lat'>375</span> <span class='ocrx_word' id='word_1_229' title='bbox 398 2427 603 2477; x_wconf 85' lang='lat' dir='ltr'>inludunt,</span> <span class='ocrx_word' id='word_1_230' title='bbox 627 2433 851 2482; x_wconf 89' lang='lat' dir='ltr'>pascuntur</span> <span class='ocrx_word' id='word_1_231' title='bbox 873 2442 970 2469; x_wconf 87' lang='lat' dir='ltr'>oves</span> <span class='ocrx_word' id='word_1_232' title='bbox 994 2423 1219 2482; x_wconf 58' lang='lat' dir='ltr'>avidaeque</span> <span class='ocrx_word' id='word_1_233' title='bbox 1241 2429 1450 2470; x_wconf 88' lang='lat' dir='ltr'>iuvencae.</span> 
     </span>
     <span class='ocr_line' id='line_1_36' title="bbox 399 2487 1333 2543; baseline 0.001 -15"><span class='ocrx_word' id='word_1_234' title='bbox 399 2487 552 2542; x_wconf 84' lang='lat' dir='ltr'>frigora</span> <span class='ocrx_word' id='word_1_235' title='bbox 574 2502 650 2528; x_wconf 92' lang='lat' dir='ltr'>nec</span> <span class='ocrx_word' id='word_1_236' title='bbox 672 2493 830 2529; x_wconf 82' lang='lat' dir='ltr'>tantum</span> <span class='ocrx_word' id='word_1_237' title='bbox 853 2503 955 2529; x_wconf 88' lang='lat' dir='ltr'>cana</span> <span class='ocrx_word' id='word_1_238' title='bbox 978 2494 1166 2529; x_wconf 84' lang='lat' dir='ltr'>concreta</span> <span class='ocrx_word' id='word_1_239' title='bbox 1187 2488 1333 2543; x_wconf 87' lang='lat' dir='ltr'>pruina</span> 
     </span>
     <span class='ocr_line' id='line_1_37' title="bbox 400 2543 1493 2603; baseline 0.001 -15"><span class='ocrx_word' id='word_1_240' title='bbox 400 2553 469 2588; x_wconf 91' lang='lat' dir='ltr'>aut</span> <span class='ocrx_word' id='word_1_241' title='bbox 491 2548 627 2603; x_wconf 84' lang='lat' dir='ltr'>gravis</span> <span class='ocrx_word' id='word_1_242' title='bbox 650 2547 890 2589; x_wconf 86' lang='lat' dir='ltr'>incumbens</span> <span class='ocrx_word' id='word_1_243' title='bbox 915 2549 1092 2603; x_wconf 87' lang='lat' dir='ltr'>seopulis</span> <span class='ocrx_word' id='word_1_244' title='bbox 1117 2543 1323 2590; x_wconf 88' lang='lat' dir='ltr'>arentibus</span> <span class='ocrx_word' id='word_1_245' title='bbox 1347 2555 1493 2597; x_wconf 90' lang='lat' dir='ltr'>aestas,</span> 
     </span>
     <span class='ocr_line' id='line_1_38' title="bbox 400 2608 1462 2665; baseline 0.003 -18"><span class='ocrx_word' id='word_1_246' title='bbox 400 2613 597 2659; x_wconf 87' lang='lat' dir='ltr'>quantum</span> <span class='ocrx_word' id='word_1_247' title='bbox 619 2608 679 2649; x_wconf 86' lang='lat' dir='ltr'>illi</span> <span class='ocrx_word' id='word_1_248' title='bbox 699 2623 874 2650; x_wconf 90' lang='lat' dir='ltr'>nocuere</span> <span class='ocrx_word' id='word_1_249' title='bbox 896 2624 1043 2665; x_wconf 86' lang='lat' dir='ltr'>greges</span> <span class='ocrx_word' id='word_1_250' title='bbox 1068 2610 1238 2663; x_wconf 89' lang='lat' dir='ltr'>durique</span> <span class='ocrx_word' id='word_1_251' title='bbox 1261 2623 1462 2650; x_wconf 87' lang='lat' dir='ltr'>venenum</span> 
     </span>
     <span class='ocr_line' id='line_1_39' title="bbox 400 2667 1404 2724; baseline 0.003 -18"><span class='ocrx_word' id='word_1_252' title='bbox 400 2667 531 2708; x_wconf 89' lang='lat' dir='ltr'>dentis</span> <span class='ocrx_word' id='word_1_253' title='bbox 556 2674 596 2708; x_wconf 86' lang='lat' dir='ltr'>et</span> <span class='ocrx_word' id='word_1_254' title='bbox 619 2669 807 2710; x_wconf 88' lang='lat' dir='ltr'>admorso</span> <span class='ocrx_word' id='word_1_255' title='bbox 832 2668 991 2724; x_wconf 84' lang='lat' dir='ltr'>signata</span> <span class='ocrx_word' id='word_1_256' title='bbox 1013 2670 1057 2711; x_wconf 90' lang='lat' dir='ltr'>in</span> <span class='ocrx_word' id='word_1_257' title='bbox 1081 2670 1203 2724; x_wconf 89' lang='lat' dir='ltr'>stirpe</span> <span class='ocrx_word' id='word_1_258' title='bbox 1227 2669 1404 2710; x_wconf 85' lang='lat' dir='ltr'>cicatrix.</span> 
     </span>
    </p>

    <p class='ocr_par' dir='ltr' id='par_1_14' title="bbox 314 2727 1532 2783">
     <span class='ocr_line' id='line_1_40' title="bbox 314 2727 1532 2783; baseline 0.002 -16"><span class='ocrx_word' id='word_1_259' title='bbox 314 2738 378 2768; x_wconf 84' lang='lat'>380</span> <span class='ocrx_word' id='word_1_260' title='bbox 402 2741 484 2767; x_wconf 90' lang='lat' dir='ltr'>non</span> <span class='ocrx_word' id='word_1_261' title='bbox 507 2727 627 2767; x_wconf 85' lang='lat' dir='ltr'>aliam</span> <span class='ocrx_word' id='word_1_262' title='bbox 650 2728 703 2768; x_wconf 93' lang='lat' dir='ltr'>ob</span> <span class='ocrx_word' id='word_1_263' title='bbox 727 2729 887 2782; x_wconf 86' lang='lat' dir='ltr'>eulpam</span> <span class='ocrx_word' id='word_1_264' title='bbox 911 2729 1075 2770; x_wconf 90' lang='lat' dir='ltr'>Baccho</span> <span class='ocrx_word' id='word_1_265' title='bbox 1099 2737 1220 2783; x_wconf 87' lang='lat' dir='ltr'>caper</span> <span class='ocrx_word' id='word_1_266' title='bbox 1242 2729 1428 2771; x_wconf 89' lang='lat' dir='ltr'>omnibus</span> <span class='ocrx_word' id='word_1_267' title='bbox 1453 2731 1532 2771; x_wconf 88' lang='lat' dir='ltr'>aris</span> 
     </span>
    </p>
   </div>
  </div>
 </body>
</html>
