1800 3106
625 303 880 343 AENEIDOS
898 303 996 339 LIB.
1014 303 1102 339 XII.
1459 297 1543 340 327

177 413 321 470 religio
345 416 387 455 et
409 425 516 466 quae
540 409 730 453 caeruleo
755 415 851 452 sunt
874 408 1045 450 numina
1067 414 1214 464 ponto:

178 475 348 518 cesserit
371 473 563 516 Ausonio
589 473 624 514 si
647 473 734 514 fors
758 472 931 513 w'ctoria
954 471 1110 521 Turno,

177 536 369 580 convenit
393 535 583 578 Euandri
606 535 738 577 victos
768 534 981 576 discedere
1005 533 1060 575 ad
1082 532 1249 585 urbem3

177 599 296 642 cedet
318 598 436 640 Iulus
461 597 592 654 agris,
617 611 695 639 nec
717 603 814 652 post
837 611 953 638 arma
975 595 1063 637 ulla
1085 595 1260 638 rebelles

175 660 402 704 Aeneadae
424 660 623 710 referent,
648 658 812 701 ferrove
835 658 939 700 haec
961 673 1092 714 regna
1114 657 1333 701 lacessent.

176 724 242 766 sin
264 729 454 765 nostrum
477 721 666 764 adnuerit
690 720 811 763 nobis
836 720 1024 763 Victoria
1046 719 1248 772 Martem,
1274 745 1330 750 -

178 792 223 827 ut
245 785 385 842 potius
409 799 502 827 reor
525 791 566 826 et
588 783 728 840 potius
753 783 796 825 di
819 783 988 825 numine
1012 782 1177 824 firment
1200 807 1256 813 ——

176 862 259 889 non
283 862 362 903 ego
385 862 462 889 nec
486 846 659 888 Teucris
683 845 814 887 Italos
838 859 983 901 parere
1007 844 1174 896 iubebo,

176 924 253 952 nec
276 909 379 951 mihi
400 924 531 966 regna
553 918 669 964 peto:
694 907 864 964 paribus
891 923 935 950 se
959 907 1123 964 legibus
1148 907 1295 950 ambae

175 971 352 1013 invictae
375 978 523 1027 gentes
546 977 715 1012 aeterna
737 970 782 1012 in
804 970 975 1012 foedera
997 970 1175 1012 mittant.

177 1048 296 1075 sacra
319 1033 504 1087 deosque
529 1031 658 1083 dabo3
685 1046 803 1074 socer
824 1047 941 1074 arma
963 1032 1144 1074 Latinus
1168 1032 1334 1083 habeto,

174 1094 393 1150 imperium
418 1094 617 1137 sollemne
641 1109 778 1144 socer3
802 1094 905 1135 mihi
927 1093 1092 1136 moenia
1115 1094 1268 1136 Teucri

176 1157 445 1208 constituent,
470 1156 645 1211 urbique
669 1155 786 1198 dabit
808 1156 991 1198 Lavinia
1015 1159 1207 1198 nomen.“

177 1219 238 1262 sic
259 1219 373 1276 prior
394 1218 583 1269 Aeneas,
612 1218 799 1273 sequitur
823 1218 883 1261 sic
906 1218 1056 1260 deinde
1079 1218 1261 1261 Latinus

177 1281 408 1337 suspiciens
433 1281 613 1332 caelum,
638 1281 852 1335 tenditque
876 1281 931 1322 ad
955 1281 1091 1323 sidera
1115 1281 1323 1323 dextram:

179 1342 308 1393 „haec
331 1342 496 1392 eadem,
520 1341 687 1393 Aenea,
712 1348 884 1393 terram,
909 1357 1041 1393 mare,
1069 1342 1223 1393 sidera,
1248 1343 1351 1394 iuro,

178 1405 451 1458 Latonaeque
475 1419 608 1460 genus
633 1403 806 1459 duplex,
830 1404 1063 1458 Ianumque
1087 1403 1323 1455 bifrontem,

177 1466 344 1520 vimque
369 1466 493 1508 deum
516 1465 722 1508 infernam
747 1472 789 1508 et
811 1465 905 1507 duri
928 1466 1107 1508 sacraria
1133 1465 1260 1507 Ditis.

178 1528 319 1569 audiat
340 1527 445 1570 haec
467 1528 648 1584 genitor,
674 1527 746 1582 qui
769 1527 939 1570 foedera
961 1526 1136 1568 fulmine
1161 1528 1305 1569 sancit.

178 1598 304 1646 tango
329 1605 441 1641 aras,
466 1590 627 1632 medios
652 1590 761 1646 ignis
786 1596 828 1631 et
849 1588 1021 1630 numina
1044 1594 1191 1630 testor:

177 1652 292 1694 nulla
314 1652 404 1694 dies
427 1666 574 1707 pacem
598 1652 707 1694 hanc
729 1651 847 1693 Italis
871 1664 949 1692 nec
972 1649 1141 1692 foedera
1164 1658 1340 1707 rumpet,

177 1728 260 1768 quo
283 1728 350 1757 res
375 1729 552 1769 cumque
577 1715 743 1764 cadent,
768 1726 844 1755 nec
868 1726 935 1753 me
958 1712 1023 1754 vis
1047 1712 1132 1754 ulla
1155 1713 1363 1756 volentem

180 1783 355 1827 avertet,
380 1792 483 1826 non,
510 1777 546 1818 si
570 1777 757 1818 tellurem
782 1774 968 1816 effundat
991 1774 1034 1815 in
1058 1775 1191 1817 undas

178 1838 334 1880 diluvio
358 1838 539 1880 miscens
564 1838 806 1891 caelumque
830 1836 875 1877 in
899 1836 1074 1878 Tartara
1099 1837 1246 1889 solvat,

179 1907 224 1941 ut
249 1906 457 1956 sceptrum
474 1900 580 1942 hoc“
595 1925 649 1930 —
664 1899 810 1940 dextra
827 1905 1037 1954 sceptrum
1054 1914 1152 1941 nam
1177 1899 1283 1942 forte
1306 1901 1478 1956 gerebat
1490 1927 1546 1933 ——

181 1976 432 2017 „numquam
456 1961 602 2004 fronde
625 1960 706 2003 levi
732 1960 878 2003 fundet
902 1960 1083 2017 virgulta
1106 1976 1183 2004 nec
1206 1962 1389 2014 umbras,

179 2038 274 2066 cum
298 2023 427 2066 semel
448 2023 493 2065 in
516 2023 631 2065 silvis
655 2023 739 2064 imo
764 2022 816 2064 de
841 2023 967 2079 stirpe
991 2023 1170 2066 recisum

178 2092 308 2128 matre
331 2092 460 2136 caret,
483 2085 704 2141 posuitque
729 2099 870 2127 comas
896 2092 936 2127 et
960 2084 1131 2128 brachia
1154 2086 1282 2138 ferro;

179 2148 278 2190 olim
302 2147 441 2198 arbos,
466 2162 578 2189 nunc
601 2147 769 2189 artificis
794 2163 942 2190 manus
967 2163 1061 2190 aere
1086 2149 1236 2191 decoro

177 2210 361 2260 inclusit,
384 2209 655 2265 patribusque
680 2209 794 2251 dedit
816 2217 982 2265 gestare
1005 2211 1213 2252 Latinis.“

179 2270 329 2312 talibus
351 2271 458 2311 inter
482 2285 527 2312 se
550 2270 771 2312 firmabant
794 2270 963 2313 foedera
986 2271 1107 2313 dictis

180 2338 404 2387 conspectu
427 2332 471 2372 in
494 2332 630 2373 medio
653 2333 884 2387 procerum.
910 2338 998 2373 tum
1021 2332 1099 2374 rite
1124 2339 1307 2376 sac-ratas

179 2394 222 2434 in
245 2393 454 2434 flammam
477 2392 665 2449 iugulant
688 2394 870 2449 pecudes
895 2400 936 2435 et
960 2394 1120 2437 viscera
1143 2395 1250 2437 vivis

180 2455 374 2510 eripiunt,
400 2455 692 2509 cumulantque
716 2455 895 2497 oneratis
918 2455 1107 2498 lancibus
1132 2472 1238 2498 aras.

235 2517 297 2558 At
320 2531 417 2558 vero
440 2517 608 2559 Rutulis
631 2517 751 2572 inpar
774 2532 823 2559 ea
845 2532 988 2575 pugna
1012 2518 1142 2560 u'deri

180 2578 422 2620 iamdudum
445 2586 486 2620 et
508 2578 623 2621 vario
646 2579 810 2621 misceri
833 2586 1002 2635 pectora
1025 2586 1140 2622 motu
1148 2597 1160 2631 ;

181 2647 269 2681 tum
292 2640 446 2696 magis,
471 2647 518 2682 ut
538 2641 708 2696 propius
734 2648 905 2683 cernunt
933 2657 1017 2684 non
1040 2642 1198 2685 viribus
1223 2644 1378 2698 aequis.

181 2703 350 2745 adiuvat
372 2703 539 2746 incessu
562 2703 686 2746 tacito
709 2719 956 2761 progressus
981 2710 1022 2747 et
1045 2720 1159 2747 aram

183 2764 422 2820 suppliciter
445 2781 646 2809 venerans
670 2767 852 2809 demisso
875 2767 1030 2809 lumine
1055 2767 1235 2818 Turnus,

1572 613 1636 644 185

1573 923 1637 954 190

1575 1234 1638 1265 195

1571 1854 1636 1886 205

1570 2165 1636 2197 210

1570 2471 1635 2503 215

1569 2781 1634 2812 ‘220
