1728 3068
483 682 1101 740 GEORGIOON

618 896 879 936 LIBER
924 895 958 934 Ι.

166 1034 281 1088 Quid
303 1032 429 1075 faciat
451 1030 579 1072 laetas
605 1035 786 1086 segetes,
811 1043 895 1083 quo
920 1028 1052 1070 sidere
1078 1034 1228 1070 terram

110 1102 284 1146 vertere,
309 1094 552 1142 Maecenas,
577 1091 783 1145 ulmisque
807 1091 1031 1147 adiungere
1054 1091 1160 1133 vites

110 1157 343 1207 conveniat,
368 1170 475 1211 quae
499 1169 598 1196 cura
620 1152 766 1204 boum,
792 1153 864 1207 qui
888 1153 1022 1195 cultus
1046 1151 1239 1194 habendo

110 1220 164 1262 sit
184 1219 341 1275 pecori,
367 1217 515 1273 apibus
539 1221 694 1270 quanta
717 1215 970 1270 experientia
992 1215 1141 1270 parcis,

11 1287 24 1334 ξ
109 1281 206 1323 hinc
229 1294 376 1322 canere
399 1279 607 1334 incipiam.
638 1292 733 1328 vos,
759 1292 784 1319 o
809 1277 1038 1319 clarissima
1060 1276 1206 1318 mundi
1499 1291 1518 1318 5

108 1343 282 1393 lumina,
307 1341 514 1383 labentem
538 1340 652 1382 caelo
676 1354 782 1394 quae
807 1339 956 1381 ducitis
982 1354 1148 1389 annum,

109 1403 257 1454 Liber,
284 1410 324 1445 et-
348 1403 457 1444 alma
481 1401 630 1452 Ceres,
655 1408 794 1443 vestro
819 1402 855 1443 si
878 1416 1048 1443 munere
1073 1401 1194 1443 tellus

112 1465 342 1508 Chaoniam
367 1464 513 1520 pingui
537 1463 733 1520 glandem
756 1463 931 1505 mutavit
955 1463 1092 1513 arista,
1132 1456 1136 1461 “

110 1528 339 1582 poculaque
362 1526 540 1568 inventis
564 1525 770 1567 Acheloia
792 1525 956 1567 miscuit
980 1525 1094 1576 uvis3

111 1596 151 1630 et
173 1604 267 1639 vos,
293 1594 504 1645 agrestum
526 1587 760 1643 praesentia
782 1587 970 1637 numina,
994 1587 1143 1637 Fauni,
1503 1599 1543 1628 10

110 1650 214 1692 ferte
239 1650 362 1692 simul
383 1650 602 1703 Faunique
625 1650 775 1705 pedem
797 1649 1077 1704 Dryadesque
1100 1648 1280 1704 puellae:

111 1726 283 1753 munera
305 1718 444 1753 vestra
467 1726 584 1753 cano.
610 1718 738 1765 tuque
762 1726 806 1761 o,
832 1711 899 1753 cui
921 1711 1056 1766 prima
1080 1711 1327 1752 frementem

112 1774 220 1815 fudit
243 1787 396 1827 equum
420 1788 573 1830 magno
598 1773 719 1815 tellus
743 1788 945 1828 percussa
967 1773 1145 1822 tridenti,

112 1835 321 1891 Neptune3
346 1841 388 1877 et
411 1835 543 1877 cultor
566 1850 800 1886 nemorum,
827 1835 893 1877 cui
916 1835 1088 1891 pinguia
1113 1834 1225 1877 Ceae

114 1904 175 1938 ter
199 1903 365 1938 centum
389 1897 499 1938 nivei
524 1897 696 1938 tondent
719 1897 888 1938 dumeta
910 1897 1095 1947 iuvenci3
1505 1909 1544 1937 15

112 1959 202 2014 ipsc
227 1973 372 2000 nemus
395 1958 587 2013 linquens
611 1959 792 2014 patrium
817 1959 1029 2013 saltusque
1052 1959 1191 2014 Lyaei

113 2020 222 2071 Pan,
249 2021 389 2062 ovium
413 2027 572 2071 custos,
598 2027 670 2063 tua
695 2021 731 2063 si
754 2021 829 2063 tibi
852 2021 1050 2063 Maenala
1073 2036 1208 2070 curae,

114 2082 244 2133 adsis,
270 2097 295 2124 0
320 2082 529 2138 Tegeaee,
554 2083 719 2133 favens,
746 2083 943 2137 oleaeque
967 2083 1160 2125 Minerva

114 2143 335 2194 inventrix,
360 2144 539 2198 uncique
562 2159 666 2200 puer
688 2150 937 2187 monstrator
961 2145 1095 2195 aratri,

116 2211 157 2247 et
179 2211 363 2247 teneram
386 2205 439 2248 ab
461 2206 600 2248 radice
624 2206 781 2257 ferens,
810 2205 998 2258 Silvane,
1024 2222 1281 2263 cupressum,
1504 2218 1547 2249 20

116 2267 239 2321 dique
263 2267 448 2321 deaeque
472 2282 634 2318 omnes,
661 2269 844 2310 studium
867 2269 1018 2323 quibus
1043 2285 1143 2311 arva
1166 2270 1283 2319 tueri,

116 2328 269 2382 quique
292 2342 421 2370 novas
446 2329 553 2371 alitis
578 2344 661 2371 non
684 2330 769 2372 ullo
794 2331 950 2372 semine
975 2331 1131 2386 fruges,

117 2389 271 2444 quique
296 2389 396 2431 satis
419 2389 582 2446 largum
606 2391 720 2433 caelo
744 2392 957 2434 demittitis
981 2393 1176 2442 imbrem3

119 2458 244 2505 tuque
268 2451 391 2501 adeo,
417 2466 543 2505 quem
566 2467 665 2494 mox
688 2467 795 2507 quae
821 2454 903 2495 sint
925 2454 1118 2496 habitura
1141 2455 1312 2496 deorum

119 2513 307 2562 concilia,
333 2513 535 2554 incertum
560 2519 640 2564 est,
665 2514 834 2556 urbisne
857 2515 1053 2565 invisere,
1081 2515 1250 2565 Caesar,
1504 2528 1546 2559 25

120 2581 399 2629 terrarumque
422 2575 526 2616 velis
552 2590 710 2626 curam,
736 2582 778 2618 et
800 2582 840 2618 te
863 2577 1069 2619 maximus
1095 2577 1205 2620 orbis

121 2642 329 2678 auctorem
352 2636 520 2692 frugum
544 2643 918 2692 tempestatumque
941 2645 1151 2694 potentem

122 2698 312 2752 accipiat,
339 2698 508 2754 cingens
532 2705 718 2741 materna
741 2705 928 2756 tempora
950 2708 1098 2757 myrto,

124 2773 178 2800 an
199 2760 302 2801 deus
326 2760 502 2802 inmensi
530 2762 669 2804 venias
693 2762 818 2804 maris
844 2777 892 2805 ac
917 2769 988 2805 tua
1010 2772 1160 2806 nautae
