1794 3048
299 576 362 606 110

297 879 360 910 115

297 1181 360 1212 120

297 1483 359 1513 125

296 1787 359 1816 130

295 2087 358 2119 135

297 2392 358 2422 140

390 275 470 316 112
787 284 829 318 Ρ.
846 282 1077 319 VERGILII
1094 281 1317 320 MARONIS

445 382 606 437 „Saepe
630 382 771 437 fugam
794 382 933 423 Danai
956 382 1079 423 Troia
1103 383 1264 437 cupiere
1286 382 1426 424 relicta

386 443 518 484 moliri
541 448 581 483 et
602 443 726 497 longo
750 442 851 483 fessi
873 442 1082 484 discedere
1105 442 1211 484 bello
1219 459 1231 493 3

386 503 658 555 fecissentque
682 502 855 543 utinaml
881 517 1003 557 saepe
1026 504 1115 544 illos
1140 518 1286 558 aspera
1307 504 1419 559 ponti

385 562 609 604 interclusit
631 562 762 604 hiems
787 568 827 604 et
850 564 990 604 terruit
1013 570 1150 605 auster
1173 564 1318 605 euntis.

383 623 618 678 praecipue,
644 637 738 664 cum
760 623 842 664 iam
864 623 931 669 hic
954 624 1138 666 trabibus
1163 631 1377 666 contextus
1401 624 1558 667 acernis

385 689 508 725 staret
533 697 680 737 equus,
705 690 789 725 toto
815 690 1037 725 sonuerunt
1060 685 1222 726 aethere
1245 684 1384 726 nimbi.

385 744 574 799 suspensi
595 744 856 799 Eurypylum
881 745 1095 786 scitantem
1118 745 1282 786 oracula
1304 745 1465 787 Phoebi

383 805 600 855 mittimus,
624 804 741 858 isque
764 805 897 859 adytis
920 805 1021 846 haec
1045 805 1175 847 tristia
1198 806 1306 846 dicta
1327 811 1522 860 reportat:

386 896 397 916 ,
413 865 610 921 sanguine
632 865 825 920 placastis
849 872 991 906 ventos
1021 871 1063 907 et
1083 866 1240 921 virgine
1264 880 1395 915 caesa,

384 940 477 967 cum
499 925 676 980 primum
698 925 866 975 Iliacas,
891 925 1046 976 Danai,
1071 926 1240 967 venistis
1265 927 1318 967 ad
1341 940 1432 967 oras
1440 942 1452 976 ;

384 986 583 1041 sanguine
606 986 829 1040 quaerendi
850 986 1023 1036 reditus,
1049 986 1264 1040 animaque
1286 986 1486 1027 litandum

382 1046 607 1102 Argolica.‘
643 1047 755 1102 volgi
777 1061 882 1100 quae
904 1061 986 1088 vox
1015 1053 1060 1088 ut
1081 1048 1193 1088 venit
1215 1048 1268 1089 ad
1291 1048 1411 1097 auris,

383 1107 629 1162 obstupuere
653 1107 795 1157 animi,
819 1107 1060 1163 gelidusque
1083 1122 1157 1162 per
1178 1108 1260 1149 ima
1283 1108 1459 1149 cucurrit

386 1183 481 1210 ossa
503 1174 670 1218 tremor,
696 1168 762 1209 cui
785 1167 870 1209 fata
891 1174 1053 1223 parent,
1078 1183 1202 1221 quem
1223 1173 1368 1223 poscat
1389 1166 1554 1222 Apollo.

381 1229 448 1270 hic
470 1228 638 1270 Ithacus
662 1234 798 1269 vatem
820 1243 970 1284 magno
996 1228 1221 1270 Calchanta
1244 1228 1420 1269 tumultu

383 1288 581 1344 protrahit
602 1288 645 1329 in
667 1289 843 1339 medios;
868 1303 972 1342 quac
997 1289 1078 1330 sint
1101 1303 1150 1330 ea
1172 1289 1340 1329 numina
1362 1288 1512 1336 divom,

383 1349 551 1404 flagitat.
576 1356 616 1390 et
639 1349 740 1390 mihi
761 1350 843 1391 iam
866 1350 983 1390 multi
1006 1349 1168 1390 crudele
1192 1348 1392 1390 canebant

384 1410 548 1452 artificis
573 1410 724 1459 scelus,
751 1415 791 1451 et
813 1410 926 1451 taciti
949 1416 1119 1451 ventura
1142 1409 1346 1451 videbant.

382 1470 446 1512 bis
471 1470 616 1523 quinos
641 1470 733 1527 silet
755 1470 822 1511 ille
845 1470 950 1520 dies,
975 1475 1187 1524 tectusque
1209 1475 1372 1511 recusat

380 1531 551 1585 prodere
576 1544 675 1572 voce
701 1545 775 1571 sua
798 1545 1044 1585 quemquam
1068 1538 1138 1573 aut
1160 1545 1362 1586 opponere
1385 1531 1516 1572 morti.

381 1591 452 1631 vix
475 1591 656 1640 tandem,
682 1592 843 1646 magnis
866 1591 998 1633 Ithaci
1022 1592 1264 1633 clamoribus
1289 1597 1415 1640 actus,

383 1651 594 1706 conposito
617 1652 726 1706 rupit
748 1666 891 1693 vocem
915 1658 955 1694 et
977 1667 1042 1693 me
1066 1652 1243 1693 destinat
1266 1666 1371 1693 arae.

382 1712 599 1753 adsensere
623 1726 782 1762 omnes,
808 1717 865 1762 et,
891 1727 995 1767 quae
1019 1713 1098 1754 sibi
1120 1713 1293 1766 quisque
1316 1711 1494 1760 timebat,

382 1773 501 1814 unius
524 1773 568 1813 in
590 1773 728 1814 miseri
752 1773 921 1814 exitium
944 1787 1140 1815 conversa
1163 1773 1302 1814 tulere.

381 1833 544 1886 iamque
569 1833 655 1874 dies
678 1833 847 1874 infanda
870 1834 1008 1875 aderat
1015 1850 1026 1884 3
1050 1834 1151 1874 mihi
1174 1848 1290 1875 sacra
1311 1832 1456 1888 parari,

382 1899 423 1934 et
446 1893 578 1934 salsae
601 1893 741 1948 fruges
766 1899 807 1934 et
829 1894 981 1935 circum
1004 1900 1187 1949 tempora
1209 1894 1345 1935 vittae.

383 1953 531 2008 eripui,
555 1953 703 2003 fateor,
727 1954 809 1995 leto
833 1968 898 1994 me
923 1960 964 1995 et
985 1955 1148 1995 vincula
1170 1955 1272 2009 rupi,

381 2013 608 2067 limosoque
631 2013 724 2055 lacu
746 2028 820 2068 per
841 2020 1003 2055 noctem
1026 2014 1223 2056 obscurus
1247 2014 1290 2054 in
1313 2014 1408 2054 ulva

382 2074 541 2123 delitui,
566 2075 664 2115 dum
686 2075 795 2124 vela,
820 2075 962 2116 darent
986 2075 1021 2116 si
1043 2075 1165 2124 forte,
1191 2074 1410 2115 dedissent.

381 2148 458 2176 nec
479 2135 579 2175 mihi
602 2135 684 2176 iam
706 2135 879 2189 patriam
902 2135 1110 2188 antiquam
1134 2149 1227 2189 spes
1251 2134 1335 2175 ulla
1357 2133 1533 2180 videndi,

381 2210 458 2236 nec
481 2195 610 2237 dulcis
634 2201 750 2237 natos
775 2201 1091 2250 exoptatumque
1114 2203 1340 2250 parentem3

382 2270 485 2310 quos
508 2256 567 2297 illi
589 2255 674 2298 fors
699 2262 739 2297 et
760 2271 912 2311 poenas
937 2256 989 2298 ob
1012 2262 1150 2298 nostra
1172 2261 1387 2310 reposcent

383 2317 553 2373 effugia,
578 2323 619 2359 et
641 2317 803 2372 culpam
825 2318 932 2359 hanc
954 2317 1194 2358 miserorum
1217 2322 1345 2357 morte
1368 2314 1549 2370 piabunt.

382 2379 493 2432 quod
515 2384 555 2420 te
577 2393 651 2433 per
674 2393 843 2433 superos
868 2385 908 2420 et
931 2378 1092 2420 conscia
1114 2377 1282 2419 numina
1302 2377 1400 2426 veri,

381 2454 472 2494 per,
499 2439 534 2480 si
557 2453 639 2493 qua
662 2445 741 2489 est,
766 2454 871 2493 quae
893 2444 1020 2480 restat
1042 2439 1176 2480 adhuc
1198 2436 1435 2479 mortalibus
1459 2449 1630 2496 usquam

382 2501 620 2541 intemerata
642 2500 762 2550 fides,
788 2514 877 2550 oro,
902 2499 1093 2541 miserere
1115 2499 1302 2540 laborum

383 2566 603 2610 tantorum,
628 2560 819 2602 miserere
841 2560 966 2601 animi
987 2575 1070 2601 non
1091 2560 1216 2615 digna
1237 2557 1442 2599 ferentis.“

439 2620 519 2661 His
542 2621 719 2663 lacrimis
742 2621 869 2662 vitam
891 2621 1055 2670 damus,
1079 2625 1119 2662 et
1142 2617 1439 2660 miserescimus
1463 2615 1579 2656 ultro.

299 2694 360 2725 145
383 2682 471 2736 ipse
494 2682 581 2723 viro
603 2682 758 2736 primus
781 2682 960 2724 manicas
985 2687 1105 2734 atque
1128 2685 1215 2722 arta
1235 2677 1361 2721 levari
