1748 3048
304 441 344 472 35

303 744 346 782 40

305 1047 347 1076 45

308 1350 350 1380 50

309 1654 351 1684 55

312 1954 354 1984 60

314 2257 355 2288 65

316 2561 357 2591 70

367 319 422 359 20
514 318 519 323 ’
767 326 809 359 Ρ.
830 325 1060 360 VERGILII
1079 323 1301 360 MARONIS

369 442 444 469 nec
467 441 606 469 curare
630 426 752 467 deum
776 425 906 466 credis
931 425 1116 466 mortalia
1138 438 1396 477 quemquam.

367 489 499 542 incipe
523 486 751 528 Maenalios
775 500 954 536 mecum,
979 500 1071 527 mea
1093 485 1210 534 tibia,
1235 499 1390 526 versus.

370 549 559 602 saepibus
583 548 626 587 in
648 546 796 588 nostris
820 561 990 600 parvam
1013 553 1053 588 te
1075 546 1236 588 roscida
1258 545 1366 587 mala
1389 570 1443 576 ——

369 611 453 650 dux
476 623 552 663 ego
576 612 711 648 vester
734 621 845 648 eram
867 631 922 637 ——
944 607 1029 648 vidi
1052 621 1146 648 cum
1169 612 1297 647 matre
1319 606 1535 661 legentem.

370 670 471 710 alter
493 668 545 709 ab
568 668 783 709 undecimo
807 673 894 708 tum
917 682 982 709 me
1005 668 1088 708 iam
1111 673 1322 722 acceperat
1345 681 1496 708 annus:

369 731 452 770 iam
474 729 631 784 fragilis
655 734 838 783 poteram
861 744 886 770 a
908 735 1014 770 terra
1037 729 1270 783 contingere
1293 742 1442 769 ramos.

369 796 415 830 ut
440 790 539 839 vidi,
563 795 609 830 ut
631 789 750 844 perii!
775 795 821 830 ut
843 804 908 830 me
931 789 1063 830 malus
1087 789 1254 830 abstulit
1277 788 1404 829 error!

369 851 502 906 incipe
525 850 754 892 Maenalios
778 865 957 900 mecum,
981 865 1073 891 mea
1096 850 1212 899 tibia,
1237 864 1394 891 versus.

370 926 478 954 nunc
502 913 604 962 scio,
629 912 728 966 quid
752 913 804 953 sit
826 911 976 953 Amor:
1001 912 1112 953 duris
1136 912 1178 952 in
1202 911 1360 952 cotibus
1385 911 1500 951 illum

371 979 442 1014 aut
465 973 658 1022 Tmaros,
683 978 754 1014 aut
775 973 995 1027 Rhodope,
1021 978 1092 1013 aut
1115 972 1285 1014 extremi
1309 970 1579 1013 Garamantes

371 1048 446 1075 nec
470 1033 630 1089 generis
654 1034 783 1075 nostri
805 1048 977 1088 puerum
999 1047 1076 1074 nec
1100 1032 1309 1088 sanguinis
1334 1032 1469 1073 edunt.

370 1094 504 1148 incipe
527 1094 756 1135 Maenalios
780 1109 959 1143 mecum,
984 1108 1076 1135 mea
1099 1093 1215 1142 tibia,
1239 1107 1397 1134 versus.

373 1169 520 1197 saevus
544 1154 677 1196 Amor
699 1155 837 1196 docuit
860 1161 1046 1196 natorum
1071 1154 1269 1209 sanguine
1292 1161 1463 1195 matrem

374 1216 669 1257 commaculare
693 1231 856 1257 manus:
881 1215 1055 1256 crudelis
1079 1220 1121 1256 tu
1147 1228 1327 1268 quoque,
1351 1219 1497 1261 mater3

374 1277 547 1318 crudelis
571 1283 701 1318 mater
722 1277 873 1332 magis,
898 1291 952 1318 an
973 1291 1075 1331 puer
1111 1275 1306 1330 inprobus
1330 1275 1422 1316 ille?

371 1337 566 1392 inprobus
605 1338 673 1379 ille
696 1352 814 1392 puer:
840 1337 1013 1379 crudelis
1038 1342 1082 1378 tu
1105 1351 1286 1391 quoque,
1310 1342 1452 1377 mater.

372 1398 506 1452 incipe
529 1397 759 1440 Maenalios
784 1413 964 1447 mecum,
989 1412 1080 1439 mea
1103 1398 1221 1447 tibia,
1245 1411 1402 1438 versus.

372 1472 481 1499 nunc
505 1464 545 1499 et
567 1459 655 1500 ovis
679 1459 784 1500 ultro
807 1459 940 1514 fugiat
962 1459 1102 1513 lupus,
1127 1472 1249 1499 aurea
1272 1458 1396 1498 durae

373 1519 482 1559 mala
504 1518 637 1560 ferant
660 1534 853 1572 quercus,
878 1520 1060 1560 narcisso
1084 1520 1224 1560 floreat
1247 1519 1377 1567 alnus,

373 1579 543 1634 pinguia
566 1580 782 1621 corticibus
808 1580 955 1620 sudent
978 1580 1126 1620 electra
1149 1579 1340 1633 myricae,

375 1645 529 1680 certent
552 1645 592 1680 et
615 1641 752 1694 cycnis
776 1640 929 1689 ululae,
955 1640 1008 1680 sit
1031 1639 1198 1694 Tityrus
1225 1638 1432 1693 Orpheus,

378 1698 571 1754 Orpheus
595 1700 639 1740 in
662 1700 792 1750 silvis,
817 1700 922 1741 inter
945 1700 1156 1754 delphinas
1180 1698 1324 1741 Arion.

376 1760 509 1814 incipe
531 1759 762 1802 Maenalios
786 1775 964 1810 mecum,
990 1775 1082 1802 mea
1105 1760 1220 1810 tibia,
1245 1775 1401 1802 versus.

378 1821 514 1861 omnia
536 1821 603 1861 vel
624 1821 804 1861 medium
827 1821 927 1862 fiant
949 1835 1072 1862 mare.
1097 1821 1221 1863 vivite
1246 1821 1391 1871 silvae3

376 1895 573 1935 praeceps
598 1882 697 1922 aerii
721 1882 887 1935 specula
909 1882 960 1923 de
984 1883 1132 1923 montis
1156 1882 1199 1923 in
1221 1883 1352 1923 undas

378 1940 553 1990 deferar;
579 1947 806 1982 extremum
828 1942 905 1983 hoc
930 1957 1078 1983 munus
1102 1942 1308 1983 morientis
1333 1942 1495 1984 habeto.

378 2001 518 2042 desine
540 2001 789 2051 Maenalios,
814 2002 895 2043 iam
920 2002 1078 2052 desine,
1102 2002 1220 2052 tibia,
1245 2017 1402 2044 versus.

433 2064 552 2105 Haec
574 2064 758 2105 Damon:
783 2079 875 2114 vos,
901 2079 1005 2118 quae
1027 2064 1281 2119 responderit
1302 2063 1619 2119 Alphesiboeus,

379 2124 516 2175 dicite,
541 2124 744 2166 Pierides:
768 2140 847 2166 non
872 2125 1008 2167 omnia
1029 2140 1248 2180 possumus
1273 2139 1426 2166 omnes.

433 2184 488 2225 A.
518 2185 636 2226 Effer
658 2199 823 2238 aquam,
849 2191 890 2226 et
911 2185 1024 2227 molli
1047 2186 1164 2241 cinge
1187 2186 1288 2227 haec
1312 2186 1452 2227 altaria
1474 2185 1586 2235 vitta,

379 2245 660 2300 verbenasque
683 2245 801 2287 adole
823 2246 988 2301 pinguis
1013 2252 1053 2287 et
1075 2246 1258 2287 mascula
1280 2252 1382 2296 tura,

379 2306 564 2361 coniugis
588 2313 633 2347 ut
655 2307 825 2362 magicis
851 2322 971 2348 sanos
996 2313 1177 2348 avertere
1202 2307 1327 2348 sacris

380 2367 565 2421 experiar
587 2381 750 2416 sensus3
773 2367 875 2408 nihil
897 2367 964 2409 hic
986 2368 1066 2409 nisi
1089 2368 1268 2409 carmina
1291 2368 1450 2409 desunt.

380 2427 515 2469 ducite
538 2427 590 2468 ab
614 2427 714 2469 urbe
738 2428 923 2478 domum,
949 2443 1041 2470 mea
1064 2429 1260 2478 carmina,
1286 2429 1420 2470 ducite
1443 2428 1665 2483 Daphnim.

382 2488 561 2529 carmina
583 2488 649 2529 vel
674 2488 786 2530 caelo
809 2495 982 2544 possunt
1004 2490 1204 2531 deducere
1227 2489 1378 2539 lunam,

381 2548 627 2590 carminibus
653 2547 773 2590 Circe
797 2550 929 2592 socios
953 2550 1126 2591 mutavit
1149 2550 1272 2599 Vlixi,

383 2608 555 2663 frigidus
578 2609 622 2650 in
643 2610 769 2664 pratis
793 2611 993 2651 cantando
1015 2611 1215 2665 rumpitur
1237 2610 1394 2664 anguis.

382 2668 516 2709 ducite
539 2668 591 2710 ab
615 2669 715 2711 urbe
738 2671 922 2721 domum,
947 2685 1039 2712 mea
1061 2671 1255 2719 carmina,
1280 2670 1414 2711 ducite
1437 2670 1659 2724 Daphnim.

382 2735 496 2770 terna
519 2729 593 2770 tibi
615 2729 717 2770 haec
739 2731 914 2784 primum
938 2732 1083 2785 triplici
1107 2732 1266 2772 diversa
1290 2731 1422 2772 colore
