1794 3048
384 278 462 319 192
780 285 823 319 P.
841 284 1070 320 VERGILII
1088 284 1310 322 MARONIS

380 394 467 428 tum
489 385 659 426 Phoebo
683 391 723 425 et
746 384 910 425 Triviae
935 384 1063 425 solido
1087 385 1138 426 de
1162 400 1360 427 marmore
1383 387 1575 442 templum

316 461 356 492 70
379 448 606 495 instituam,
631 445 840 498 festosque
864 445 951 486 dies
976 446 1026 486 de
1050 446 1212 487 nomine
1235 446 1405 488 Phoebi.

379 515 418 549 te
443 521 604 561 quoque
627 521 777 561 magna
800 513 965 547 manent
987 508 1123 562 regnis
1147 509 1368 562 penetralia
1390 510 1549 551 nostris.

378 569 446 610 hic
469 583 546 623 ego
570 581 744 620 namque
769 572 859 608 tuas
885 573 1013 608 sortes
1038 582 1264 622 arcanaque
1289 569 1385 619 fata,

379 630 487 670 dicta
509 643 624 669 meae
647 628 777 683 genti,
801 642 969 682 ponam,
993 628 1201 682 lectosque
1226 630 1407 680 sacrabo,

379 690 503 739 alma,
528 690 650 730 viros.
675 689 783 730 foliis
807 695 963 730 tantum
986 704 1037 730 ne
1062 690 1240 731 carmina
1263 692 1423 741 manda,

315 763 355 792 75
379 765 430 791 ne
454 749 616 791 turbata
638 749 776 790 volent
797 749 948 804 rapidis
972 749 1146 791 ludibria
1169 752 1300 792 ventis
1308 768 1319 801 3

378 811 470 866 ipsa
493 825 615 852 canas
640 813 750 851 oro.“
775 810 898 851 finem
921 810 1033 851 dedit
1056 825 1124 852 ore
1147 811 1352 865 loquendi.

434 870 512 921 At,
537 871 697 912 Phoebi
718 872 900 912 nondum
923 872 1100 925 patiens,
1125 872 1299 914 inmanis
1324 874 1366 914 in
1390 880 1504 915 antra

379 932 600 974 bacchatur
622 939 755 982 vates,
780 947 976 987 magnum
1001 933 1036 973 si
1058 941 1220 988 pectore
1243 935 1373 988 possit

381 993 612 1034 excussisse
636 993 759 1034 deum
766 1011 776 1043 3
802 999 913 1034 tauto
936 994 1068 1049 magis
1092 994 1159 1035 ille
1183 994 1328 1050 fatigat

313 1067 356 1097 80
380 1068 426 1095 os
449 1053 655 1103 rabidum,
681 1053 768 1094 fera
790 1054 914 1095 corda
936 1054 1124 1103 domans,
1150 1055 1347 1110 fingitque
1369 1057 1602 1110 premendo.

379 1115 485 1156 ostia
506 1114 668 1168 iamque
691 1114 836 1156 domus
859 1121 1025 1169 patuere
1048 1116 1229 1170 ingentia
1253 1122 1416 1157 centum

381 1181 525 1230 sponte
549 1190 641 1225 sua,
666 1175 851 1228 vatisque
874 1175 1010 1216 ferunt
1031 1190 1227 1230 responsa
1249 1191 1322 1231 per
1344 1192 1482 1219 auras:

382 1251 433 1287 „o
456 1236 622 1277 tandem
643 1236 803 1291 magnis
826 1236 962 1290 pelagi
985 1235 1176 1277 defuncte
1200 1238 1360 1291 periclis
1384 1262 1438 1268 —

381 1297 455 1338 sed
477 1302 606 1338 terrae
628 1297 817 1352 graviora
838 1303 1003 1337 manent
1027 1321 1080 1326 —-
1103 1297 1146 1337 in
1167 1312 1295 1352 regna
1317 1298 1468 1339 Lavini

314 1370 357 1402 85
379 1357 644 1398 Dardanidae
666 1357 829 1398 venient
836 1373 847 1406 3
871 1357 985 1397 mitte
1008 1356 1114 1398 hanc
1136 1358 1187 1398 de
1210 1365 1374 1412 pectore
1398 1374 1536 1401 curam
1543 1377 1554 1410 3

381 1419 455 1460 sed
477 1433 561 1459 non
584 1424 625 1459 et
647 1418 810 1459 venisse
834 1417 982 1458 volent.
1007 1417 1133 1467 bella,
1158 1418 1321 1460 horrida
1343 1419 1461 1470 bella,

381 1485 422 1520 et
445 1478 645 1533 Thybrim
668 1478 796 1520 multo
821 1484 1078 1533 spumantem
1102 1479 1300 1534 sanguine
1324 1494 1456 1521 cerno.

380 1555 463 1581 non
488 1538 640 1581 Simois
664 1539 755 1590 tibi,
779 1554 855 1581 nec
877 1539 1092 1590 Xanthus,
1116 1555 1192 1582 nec
1213 1541 1369 1582 Dorica
1392 1548 1524 1583 castra

382 1601 603 1651 defuerint3
628 1601 731 1642 alius
754 1601 878 1642 Latio
901 1601 983 1642 iam
1005 1607 1145 1656 partus
1169 1600 1366 1652 Achilles,

316 1675 358 1706 9ο
381 1668 502 1704 natus
527 1668 568 1704 et
589 1663 678 1717 ipse
701 1663 796 1713 dea3
820 1677 896 1704 nec
920 1662 1090 1704 Teucris
1114 1663 1252 1704 addita
1274 1663 1379 1705 Iuno

381 1737 557 1778 usquam
579 1722 726 1774 aberit,
752 1738 845 1765 cum
869 1730 914 1764 tu
938 1724 1110 1778 supplex
1133 1724 1176 1764 in
1198 1724 1320 1766 rebus
1345 1726 1484 1780 egenis

381 1799 485 1838 quas
508 1790 651 1840 gentes
674 1785 826 1826 Italum
849 1791 919 1826 aut
942 1800 1044 1839 quas
1067 1800 1150 1827 non
1174 1786 1350 1827 oraveris
1377 1786 1516 1828 urbes!

383 1860 530 1887 caussa
553 1846 650 1887 mali
673 1847 774 1887 tanti
797 1847 974 1888 coniunx
996 1847 1143 1887 iterum
1165 1846 1328 1901 hospita
1352 1847 1533 1897 Teucris,

384 1907 619 1960 externique
642 1907 789 1948 iterum
813 1907 990 1948 thalami.

317 1980 359 2010 95
383 1972 428 2007 tu
450 1980 502 2007 ne
526 1967 624 2007 cede
648 1967 785 2016 malis,
812 1967 885 2008 sed
909 1973 1048 2008 contra
1070 1968 1282 2009 audentior
1304 1969 1373 2017 ito,

377 2020 506 2080 'quam
535 2032 605 2067 tua
628 2032 668 2068 te
691 2027 855 2068 fortuna
878 2027 993 2068 sinet.
1018 2027 1086 2068 via
1107 2028 1238 2082 prima
1262 2028 1418 2077 salutis,

383 2087 495 2141 quod
518 2088 683 2128 minime
706 2088 824 2137 reris,
852 2086 979 2129 Graia
1000 2088 1201 2142 pandetur
1223 2088 1275 2130 ab
1298 2088 1438 2130 urbe.“

441 2147 611 2189 Talibus
636 2163 687 2189 ex
711 2149 834 2203 adyto
858 2148 976 2189 dictis
1002 2147 1185 2189 Cumaea
1210 2147 1369 2203 Sibylla

381 2208 602 2250 horrendas
627 2209 736 2250 canit
759 2208 953 2263 ambages
977 2214 1173 2262 antroque
1195 2209 1384 2264 remugit,

296 2281 360 2313 100
382 2268 566 2311 obscuris
590 2284 688 2310 vera
710 2269 940 2310 involvens:
966 2284 1014 2310 ea
1037 2269 1153 2310 frena
1175 2269 1325 2311 furenti

383 2330 562 2372 concutit
585 2336 625 2371 et
649 2330 832 2372 stimulos
858 2329 934 2371 sub
958 2336 1123 2385 pectore
1145 2331 1265 2371 vertit
1287 2329 1450 2385 Apollo.

382 2397 428 2431 ut
449 2391 625 2446 primum
650 2391 773 2432 cessit
795 2391 908 2432 furor
931 2397 972 2432 et
993 2391 1136 2432 rabida
1159 2405 1230 2432 ora
1252 2391 1451 2444 quierunt,

382 2451 524 2506 incipit
545 2451 712 2493 Aeneas
735 2452 874 2493 heros:
901 2467 1008 2503 „non
1031 2451 1114 2493 ulla
1135 2451 1334 2502 laborum,

383 2527 407 2553 o
432 2513 564 2568 virgo,
589 2528 696 2554 nova
717 2513 774 2554 mi
796 2513 922 2554 facies
946 2513 1162 2567 inopinave
1187 2512 1315 2568 surgit
1322 2528 1333 2562 3

298 2585 358 2616 105
383 2573 519 2614 omnia
541 2574 729 2629 praecepi
752 2580 873 2627 atque
897 2573 1032 2615 animo
1055 2587 1215 2614 mecum
1239 2579 1330 2614 ante
1353 2572 1503 2626 peregi.

384 2648 510 2674 unum
534 2649 622 2676 oro:
648 2635 810 2688 quando
834 2635 900 2676 hic
923 2634 1070 2675 inferni
1092 2634 1215 2675 ianua
1235 2633 1344 2688 regis

385 2694 530 2735 dicitur
553 2702 592 2736 et
615 2696 829 2737 tenebrosa
846 2694 968 2750 'palus
992 2694 1225 2736 Acheronte
1248 2693 1397 2743 refuso,
