1800 3080
692 289 1013 327 CATALECTA.

163 405 299 443 castra
321 398 413 441 foro
438 397 601 448 solitos,
625 395 720 439 urbi
741 409 996 453 praeponere
1021 400 1168 446 castra,

219 468 305 504 tam
328 460 472 517 procul
495 460 576 502 hoc
597 464 715 509 nato,
741 465 828 501 tam
851 457 997 514 procul
1019 457 1100 500 hac
1122 457 1280 514 patria?

163 523 424 566 inmoderata
446 522 534 579 pati
557 522 642 563 iam
666 520 842 577 frigora,
867 520 1034 575 iamque
1058 519 1244 564 calores?

219 591 390 628 stertere
413 584 481 627 vel
505 583 610 626 dura
630 597 758 639 posse
784 597 910 638 super
933 582 1074 625 silice?

162 662 287 704 saepe
310 653 470 689 trucem
494 646 671 688 adverso
694 645 855 702 perlabi
879 645 1014 688 sidere
1038 645 1239 701 pontum?

219 725 343 766 saepe
367 724 482 751 mare
506 708 698 751 audendo
722 708 908 759 vincere,
935 722 1060 764 saepe
1084 708 1292 750 hiemem?

162 787 286 829 saepe
310 772 436 814 etiam
460 771 612 814 densos
636 771 844 813 inmittere
869 785 1021 827 corpus
1045 770 1088 813 in
1112 770 1271 822 hostes,

218 849 482 877 communem
505 833 605 876 belli
628 848 707 876 nec
731 833 921 876 timuisse
945 833 1096 875 deum?

160 912 272 939 nunc
296 897 450 939 celeres
474 895 607 939 Afros
631 896 898 952 perituraque
923 896 1038 938 milia
1061 896 1212 952 gentis,

218 956 343 1002 aurea
365 973 477 1001 nunc
499 959 635 1014 rapidi
658 959 832 1000 flumina
855 959 970 1000 adire
995 958 1130 1015 Tagi?

161 1036 271 1064 nunc
295 1021 420 1064 aliam
444 1035 497 1063 ex
522 1021 604 1064 alia
627 1021 821 1063 bellando
845 1035 1044 1075 quaerere
1067 1021 1263 1077 gentem?

215 1084 380 1126 vincere
406 1089 447 1125 et
474 1082 636 1126 Oceani
660 1082 814 1125 finibus
838 1082 1039 1125 ulterius?

159 1160 243 1189 non
265 1151 456 1188 nostrum
480 1151 562 1196 est,
587 1145 778 1200 inquam,
804 1150 941 1187 tantas
967 1145 1169 1202 attingere
1194 1144 1362 1196 laudes3

215 1208 317 1263 quin
339 1207 475 1250 ausim
498 1207 580 1250 hoc
603 1207 729 1249 etiam
752 1206 909 1258 dicere,
935 1206 1008 1249 vix
1030 1207 1249 1250 hominum
1273 1213 1349 1250 est.

159 1270 271 1326 ipsa,
295 1270 401 1312 haec
423 1270 517 1326 ipsa
539 1269 675 1311 ferent
697 1284 836 1311 rerum
859 1275 1130 1311 monumenta
1152 1284 1228 1326 per
1250 1268 1407 1321 orbem,

214 1332 308 1388 ipsa
331 1331 412 1374 sibi
435 1332 651 1388 egregium
675 1331 788 1373 facta
811 1332 939 1373 decus
962 1332 1144 1387 parient3

158 1409 234 1437 nos
260 1409 328 1445 ea,
355 1409 462 1449 quae
486 1400 626 1436 tecum
648 1394 858 1436 finxerunt
881 1394 1066 1436 carmina
1089 1394 1188 1445 divi,

217 1455 426 1512 Cynthius
452 1462 494 1498 et
516 1455 689 1507 Musae,
714 1455 910 1498 Bacchus
935 1462 976 1498 et
999 1455 1166 1513 Aglaie.

158 1518 194 1561 si
217 1518 363 1561 laudes
388 1518 616 1574 adspirem,
641 1518 789 1560 humili
813 1518 867 1560 sit
890 1518 1004 1561 adire
1030 1517 1237 1570 Camena3

216 1581 254 1623 si
275 1581 411 1637 patrio
437 1579 589 1624 Graios
615 1581 796 1623 carmine
821 1581 935 1623 adire
960 1581 1069 1624 sales

157 1658 403 1700 possumus,
428 1644 580 1700 optatis
605 1644 701 1700 plus
725 1644 811 1686 iam
833 1644 1098 1700 procedimus
1122 1644 1239 1700 ipsis.

215 1705 296 1748 hoc
320 1706 422 1749 satis
448 1712 531 1758 est;
553 1706 702 1763 pingui
726 1706 784 1748 nil
807 1707 911 1749 mihi
935 1721 1031 1749 cum
1053 1707 1222 1764 populo.

790 1809 900 1852 XII.

157 1892 334 1950 Aspice,
359 1907 486 1949 quem
509 1894 636 1937 viduo
662 1893 888 1937 subnixum
911 1894 1046 1951 gloria
1067 1910 1198 1952 regno

213 1955 336 1998 altius
361 1961 403 1998 et
426 1956 531 2000 caeli
555 1956 725 1999 sedibus
751 1956 973 1999 extulerat!

155 2026 357 2060 terrarum
379 2018 448 2061 hic
471 2018 580 2061 bello
605 2034 806 2076 magnum
830 2025 1098 2062 concusserat
1121 2019 1278 2071 orbem,

211 2079 279 2122 hic
301 2095 423 2137 reges
446 2079 579 2124 Asiae
603 2081 804 2139 fregerat,
830 2082 899 2124 hic
922 2082 1100 2138 populos
1108 2099 1120 2134 3

154 2142 222 2184 hic
244 2157 373 2199 grave
399 2143 612 2186 servitium
636 2144 719 2186 iam
743 2144 827 2186 iam
851 2144 945 2195 tibi,
970 2145 1126 2196 Roma,
1152 2144 1313 2188 ferebat
1337 2170 1392 2175 -—-

211 2211 349 2247 cetera
372 2220 553 2261 namque
576 2207 656 2249 viri
679 2208 852 2263 cuspide
877 2208 1144 2250 conciderant
1167 2233 1236 2259 -—,

155 2281 251 2308 cum
274 2267 412 2310 subito
434 2267 480 2309 in
502 2269 640 2310 medio
663 2283 804 2311 rerum
827 2270 1052 2312 certamine
1076 2285 1277 2326 praeceps

212 2329 383 2379 corruit,
410 2343 432 2370 e
455 2330 591 2385 patria
613 2330 761 2385 pulsus
786 2331 829 2372 in
854 2332 1060 2374 exsilium.

154 2388 235 2431 tale
261 2390 386 2432 deum
408 2406 564 2433 numen
571 2407 582 2442 3
607 2392 680 2434 tali
703 2393 894 2435 mortalia
916 2400 1022 2435 nutu

210 2451 339 2494 fallax
363 2459 574 2496 momento
597 2455 794 2510 temporis
818 2455 921 2498 hora
944 2456 1070 2498 dedit.

772 2558 904 2600 XIII.

154 2636 433 2695 Quocumque
455 2641 515 2683 ire
540 2641 680 2684 ferunt
703 2643 842 2685 variae
866 2659 942 2686 nos
967 2650 1156 2700 tempora
1178 2645 1301 2696 vitae,

209 2707 380 2758 tangere
405 2717 509 2758 quas
535 2710 684 2756 terras,
709 2720 898 2761 quosque
922 2707 1063 2749 videre
1086 2707 1289 2759 homines,

152 2761 404 2818 dispeream,
431 2765 467 2808 si
490 2772 531 2808 te
555 2766 680 2809 fuerit
703 2768 806 2810 mihi
829 2769 962 2812 carior
985 2769 1099 2812 alter.

208 2825 311 2868 alter
333 2828 443 2869 enim
467 2829 560 2883 quis
585 2835 626 2872 te
650 2830 810 2873 dulcior
833 2846 925 2874 esse
949 2838 1098 2889 potest,

1423 313 1432 321 .
1452 282 1536 324 379

1561 534 1604 565 45

1561 847 1605 878 50

1561 1160 1603 1190 55

1561 1472 1603 1503 60

1555 2471 1596 2501 10
