<?xml version="1.0" encoding="UTF-8"?>
<!DOCTYPE html PUBLIC "-//W3C//DTD XHTML 1.0 Transitional//EN"
    "http://www.w3.org/TR/xhtml1/DTD/xhtml1-transitional.dtd">
<html xmlns="http://www.w3.org/1999/xhtml" xml:lang="en" lang="en">
 <head>
  <title>
</title>
<meta http-equiv="Content-Type" content="text/html;charset=utf-8" />
  <meta name='ocr-system' content='tesseract 3.04.00' />
  <meta name='ocr-capabilities' content='ocr_page ocr_carea ocr_par ocr_line ocrx_word'/>
</head>
<body>
  <div class='ocr_page' id='page_1' title='image "./operavirg00virguoft_0103.png"; bbox 0 0 1780 3074; ppageno 0'>
   <div class='ocr_carea' id='block_1_1' title="bbox 541 316 1046 356">
    <p class='ocr_par' dir='ltr' id='par_1_1' title="bbox 541 316 1046 356">
     <span class='ocr_line' id='line_1_1' title="bbox 541 316 1046 356; baseline -0.01 0"><span class='ocrx_word' id='word_1_1' title='bbox 541 316 842 356; x_wconf 83' lang='lat' dir='ltr'>GEORGICON</span> <span class='ocrx_word' id='word_1_2' title='bbox 860 316 958 352; x_wconf 85' lang='lat' dir='ltr'><strong>LIB.</strong></span> <span class='ocrx_word' id='word_1_3' title='bbox 976 317 1046 352; x_wconf 84' lang='lat'>111.</span> 
     </span>
    </p>
   </div>
   <div class='ocr_carea' id='block_1_2' title="bbox 103 420 1333 2537">
    <p class='ocr_par' dir='ltr' id='par_1_2' title="bbox 108 420 1060 480">
     <span class='ocr_line' id='line_1_2' title="bbox 108 420 1060 480; baseline -0.005 -13"><span class='ocrx_word' id='word_1_4' title='bbox 108 423 325 480; x_wconf 83' lang='lat' dir='ltr'>inparibus</span> <span class='ocrx_word' id='word_1_5' title='bbox 350 424 497 466; x_wconf 88' lang='lat' dir='ltr'>ductos</span> <span class='ocrx_word' id='word_1_6' title='bbox 523 423 608 465; x_wconf 79' lang='lat' dir='ltr'>alta</span> <span class='ocrx_word' id='word_1_7' title='bbox 630 422 685 464; x_wconf 87' lang='lat' dir='ltr'>ad</span> <span class='ocrx_word' id='word_1_8' title='bbox 708 420 879 464; x_wconf 86' lang='lat' dir='ltr'>donaria</span> <span class='ocrx_word' id='word_1_9' title='bbox 903 435 1060 463; x_wconf 88' lang='lat' dir='ltr'>currus.</span> 
     </span>
    </p>

    <p class='ocr_par' dir='ltr' id='par_1_3' title="bbox 106 483 1237 664">
     <span class='ocr_line' id='line_1_3' title="bbox 110 483 1117 543; baseline -0.004 -15"><span class='ocrx_word' id='word_1_10' title='bbox 110 501 210 543; x_wconf 88' lang='lat' dir='ltr'>ergo</span> <span class='ocrx_word' id='word_1_11' title='bbox 235 500 360 542; x_wconf 86' lang='lat' dir='ltr'>aegre</span> <span class='ocrx_word' id='word_1_12' title='bbox 384 486 527 528; x_wconf 87' lang='lat' dir='ltr'>rastris</span> <span class='ocrx_word' id='word_1_13' title='bbox 553 491 704 527; x_wconf 87' lang='lat' dir='ltr'>terram</span> <span class='ocrx_word' id='word_1_14' title='bbox 726 483 928 526; x_wconf 88' lang='lat' dir='ltr'>rimantur</span> <span class='ocrx_word' id='word_1_15' title='bbox 951 489 991 525; x_wconf 90' lang='lat' dir='ltr'>et</span> <span class='ocrx_word' id='word_1_16' title='bbox 1013 483 1117 539; x_wconf 90' lang='lat' dir='ltr'>ipsis</span> 
     </span>
     <span class='ocr_line' id='line_1_4' title="bbox 106 546 1237 605; baseline 0 -15"><span class='ocrx_word' id='word_1_17' title='bbox 106 548 319 605; x_wconf 88' lang='lat' dir='ltr'>unguibus</span> <span class='ocrx_word' id='word_1_18' title='bbox 343 548 554 590; x_wconf 82' lang='lat' dir='ltr'>infodiunt</span> <span class='ocrx_word' id='word_1_19' title='bbox 576 547 740 604; x_wconf 86' lang='lat' dir='ltr'>fruges,</span> <span class='ocrx_word' id='word_1_20' title='bbox 765 552 1010 600; x_wconf 83' lang='lat' dir='ltr'>montesque</span> <span class='ocrx_word' id='word_1_21' title='bbox 1033 560 1109 602; x_wconf 90' lang='lat' dir='ltr'>per</span> <span class='ocrx_word' id='word_1_22' title='bbox 1131 546 1237 590; x_wconf 82' lang='lat' dir='ltr'>altos</span> 
     </span>
     <span class='ocr_line' id='line_1_5' title="bbox 106 608 1134 664; baseline -0.001 -12"><span class='ocrx_word' id='word_1_23' title='bbox 106 616 301 653; x_wconf 87' lang='lat' dir='ltr'>contenta</span> <span class='ocrx_word' id='word_1_24' title='bbox 324 610 484 652; x_wconf 89' lang='lat' dir='ltr'>cervice</span> <span class='ocrx_word' id='word_1_25' title='bbox 508 609 676 651; x_wconf 88' lang='lat' dir='ltr'>trahunt</span> <span class='ocrx_word' id='word_1_26' title='bbox 700 608 915 651; x_wconf 87' lang='lat' dir='ltr'>stridentia</span> <span class='ocrx_word' id='word_1_27' title='bbox 936 608 1134 664; x_wconf 83' lang='lat' dir='ltr'>plaustra.</span> 
     </span>
    </p>

    <p class='ocr_par' dir='ltr' id='par_1_4' title="bbox 105 671 1086 728">
     <span class='ocr_line' id='line_1_6' title="bbox 105 671 1086 728; baseline -0.003 -13"><span class='ocrx_word' id='word_1_28' title='bbox 105 687 190 715; x_wconf 92' lang='lat' dir='ltr'>non</span> <span class='ocrx_word' id='word_1_29' title='bbox 212 672 337 728; x_wconf 82' lang='lat' dir='ltr'>lupus</span> <span class='ocrx_word' id='word_1_30' title='bbox 361 672 534 715; x_wconf 84' lang='lat' dir='ltr'>insidias</span> <span class='ocrx_word' id='word_1_31' title='bbox 559 671 747 727; x_wconf 82' lang='lat' dir='ltr'><strong>explorat</strong></span> <span class='ocrx_word' id='word_1_32' title='bbox 770 671 895 713; x_wconf 85' lang='lat' dir='ltr'>ovilia</span> <span class='ocrx_word' id='word_1_33' title='bbox 918 671 1086 722; x_wconf 90' lang='lat' dir='ltr'>circum,</span> 
     </span>
    </p>

    <p class='ocr_par' dir='ltr' id='par_1_5' title="bbox 103 731 1333 1150">
     <span class='ocr_line' id='line_1_7' title="bbox 106 731 1238 791; baseline -0.001 -15"><span class='ocrx_word' id='word_1_34' title='bbox 106 749 183 777; x_wconf 87' lang='lat' dir='ltr'>nec</span> <span class='ocrx_word' id='word_1_35' title='bbox 205 734 405 791; x_wconf 86' lang='lat' dir='ltr'>gregibus</span> <span class='ocrx_word' id='word_1_36' title='bbox 427 740 655 787; x_wconf 80' lang='lat' dir='ltr'>nocturnus</span> <span class='ocrx_word' id='word_1_37' title='bbox 681 731 940 783; x_wconf 84' lang='lat' dir='ltr'>obambulat3</span> <span class='ocrx_word' id='word_1_38' title='bbox 965 733 1098 775; x_wconf 90' lang='lat' dir='ltr'>acrior</span> <span class='ocrx_word' id='word_1_39' title='bbox 1120 733 1238 775; x_wconf 90' lang='lat' dir='ltr'>illum</span> 
     </span>
     <span class='ocr_line' id='line_1_8' title="bbox 106 794 1178 851; baseline 0 -13"><span class='ocrx_word' id='word_1_40' title='bbox 106 812 206 839; x_wconf 90' lang='lat' dir='ltr'>cura</span> <span class='ocrx_word' id='word_1_41' title='bbox 228 797 388 847; x_wconf 83' lang='lat' dir='ltr'>domat3</span> <span class='ocrx_word' id='word_1_42' title='bbox 414 796 546 837; x_wconf 90' lang='lat' dir='ltr'>timidi</span> <span class='ocrx_word' id='word_1_43' title='bbox 571 796 762 837; x_wconf 87' lang='lat' dir='ltr'>dammae</span> <span class='ocrx_word' id='word_1_44' title='bbox 786 794 980 849; x_wconf 87' lang='lat' dir='ltr'>cervique</span> <span class='ocrx_word' id='word_1_45' title='bbox 1004 795 1178 851; x_wconf 86' lang='lat' dir='ltr'>fugaces</span> 
     </span>
     <span class='ocr_line' id='line_1_9' title="bbox 105 857 1195 913; baseline 0 -13"><span class='ocrx_word' id='word_1_46' title='bbox 105 873 216 900; x_wconf 91' lang='lat' dir='ltr'>nunc</span> <span class='ocrx_word' id='word_1_47' title='bbox 238 859 426 913; x_wconf 88' lang='lat' dir='ltr'>interque</span> <span class='ocrx_word' id='word_1_48' title='bbox 451 872 574 900; x_wconf 87' lang='lat' dir='ltr'>canes</span> <span class='ocrx_word' id='word_1_49' title='bbox 600 863 642 899; x_wconf 91' lang='lat' dir='ltr'>et</span> <span class='ocrx_word' id='word_1_50' title='bbox 665 857 820 899; x_wconf 88' lang='lat' dir='ltr'>circum</span> <span class='ocrx_word' id='word_1_51' title='bbox 844 863 954 898; x_wconf 90' lang='lat' dir='ltr'>tecta</span> <span class='ocrx_word' id='word_1_52' title='bbox 977 864 1195 913; x_wconf 83' lang='lat' dir='ltr'>vagantur.</span> 
     </span>
     <span class='ocr_line' id='line_1_10' title="bbox 105 919 1333 976; baseline -0.002 -13"><span class='ocrx_word' id='word_1_53' title='bbox 105 922 189 963; x_wconf 90' lang='lat' dir='ltr'>iam</span> <span class='ocrx_word' id='word_1_54' title='bbox 211 921 338 963; x_wconf 86' lang='lat' dir='ltr'>maris</span> <span class='ocrx_word' id='word_1_55' title='bbox 362 920 541 962; x_wconf 87' lang='lat' dir='ltr'>inmensi</span> <span class='ocrx_word' id='word_1_56' title='bbox 562 919 723 976; x_wconf 91' lang='lat' dir='ltr'>prolem</span> <span class='ocrx_word' id='word_1_57' title='bbox 747 925 789 961; x_wconf 90' lang='lat' dir='ltr'>et</span> <span class='ocrx_word' id='word_1_58' title='bbox 811 934 945 976; x_wconf 88' lang='lat' dir='ltr'>genus</span> <span class='ocrx_word' id='word_1_59' title='bbox 970 934 1092 961; x_wconf 90' lang='lat' dir='ltr'>omne</span> <span class='ocrx_word' id='word_1_60' title='bbox 1116 926 1333 962; x_wconf 79' lang='lat' dir='ltr'>natantum</span> 
     </span>
     <span class='ocr_line' id='line_1_11' title="bbox 104 981 1200 1038; baseline -0.001 -12"><span class='ocrx_word' id='word_1_61' title='bbox 104 984 222 1026; x_wconf 86' lang='lat' dir='ltr'>litore</span> <span class='ocrx_word' id='word_1_62' title='bbox 245 983 290 1025; x_wconf 90' lang='lat' dir='ltr'>in</span> <span class='ocrx_word' id='word_1_63' title='bbox 313 989 498 1025; x_wconf 87' lang='lat' dir='ltr'>extremo</span> <span class='ocrx_word' id='word_1_64' title='bbox 522 997 600 1024; x_wconf 90' lang='lat' dir='ltr'>ceu</span> <span class='ocrx_word' id='word_1_65' title='bbox 623 981 829 1038; x_wconf 87' lang='lat' dir='ltr'>naufraga</span> <span class='ocrx_word' id='word_1_66' title='bbox 853 996 1026 1038; x_wconf 85' lang='lat' dir='ltr'>corpora</span> <span class='ocrx_word' id='word_1_67' title='bbox 1049 982 1200 1025; x_wconf 90' lang='lat' dir='ltr'>fluctus</span> 
     </span>
     <span class='ocr_line' id='line_1_12' title="bbox 103 1043 1137 1102; baseline -0.003 -13"><span class='ocrx_word' id='word_1_68' title='bbox 103 1046 256 1102; x_wconf 90' lang='lat' dir='ltr'>proluit</span> <span class='ocrx_word' id='word_1_69' title='bbox 263 1062 275 1097; x_wconf 94' lang='lat'>;</span> <span class='ocrx_word' id='word_1_70' title='bbox 299 1045 489 1087; x_wconf 80' lang='lat' dir='ltr'>insolitae</span> <span class='ocrx_word' id='word_1_71' title='bbox 512 1044 680 1101; x_wconf 86' lang='lat' dir='ltr'>fugiunt</span> <span class='ocrx_word' id='word_1_72' title='bbox 702 1044 746 1086; x_wconf 91' lang='lat' dir='ltr'>in</span> <span class='ocrx_word' id='word_1_73' title='bbox 769 1043 941 1086; x_wconf 87' lang='lat' dir='ltr'>flumina</span> <span class='ocrx_word' id='word_1_74' title='bbox 963 1044 1137 1100; x_wconf 88' lang='lat' dir='ltr'>phocae.</span> 
     </span>
     <span class='ocr_line' id='line_1_13' title="bbox 103 1106 1039 1150; baseline -0.002 0"><span class='ocrx_word' id='word_1_75' title='bbox 103 1108 242 1150; x_wconf 91' lang='lat' dir='ltr'>interit</span> <span class='ocrx_word' id='word_1_76' title='bbox 266 1115 307 1150; x_wconf 92' lang='lat' dir='ltr'>et</span> <span class='ocrx_word' id='word_1_77' title='bbox 330 1107 468 1149; x_wconf 89' lang='lat' dir='ltr'>curvis</span> <span class='ocrx_word' id='word_1_78' title='bbox 492 1106 648 1149; x_wconf 86' lang='lat' dir='ltr'>frustra</span> <span class='ocrx_word' id='word_1_79' title='bbox 671 1106 846 1148; x_wconf 88' lang='lat' dir='ltr'>defensa</span> <span class='ocrx_word' id='word_1_80' title='bbox 868 1106 1039 1149; x_wconf 87' lang='lat' dir='ltr'>latebris</span> 
     </span>
    </p>

    <p class='ocr_par' dir='ltr' id='par_1_6' title="bbox 103 1169 1234 1852">
     <span class='ocr_line' id='line_1_14' title="bbox 103 1169 1148 1228; baseline -0.002 -15"><span class='ocrx_word' id='word_1_81' title='bbox 103 1172 246 1228; x_wconf 71' lang='lat' dir='ltr'>w&#39;pera</span> <span class='ocrx_word' id='word_1_82' title='bbox 269 1178 310 1213; x_wconf 88' lang='lat' dir='ltr'>et</span> <span class='ocrx_word' id='word_1_83' title='bbox 333 1169 494 1212; x_wconf 85' lang='lat' dir='ltr'>attoniti</span> <span class='ocrx_word' id='word_1_84' title='bbox 518 1169 703 1225; x_wconf 90' lang='lat' dir='ltr'>squamis</span> <span class='ocrx_word' id='word_1_85' title='bbox 729 1169 990 1212; x_wconf 86' lang='lat' dir='ltr'>adstantibus</span> <span class='ocrx_word' id='word_1_86' title='bbox 1014 1169 1148 1225; x_wconf 87' lang='lat' dir='ltr'>hydri.</span> 
     </span>
     <span class='ocr_line' id='line_1_15' title="bbox 104 1232 1035 1290; baseline -0.002 -14"><span class='ocrx_word' id='word_1_87' title='bbox 104 1233 206 1290; x_wconf 89' lang='lat' dir='ltr'>ipsis</span> <span class='ocrx_word' id='word_1_88' title='bbox 231 1240 296 1276; x_wconf 90' lang='lat' dir='ltr'>est</span> <span class='ocrx_word' id='word_1_89' title='bbox 318 1247 390 1275; x_wconf 89' lang='lat' dir='ltr'>aer</span> <span class='ocrx_word' id='word_1_90' title='bbox 412 1232 560 1276; x_wconf 86' lang='lat' dir='ltr'>avibus</span> <span class='ocrx_word' id='word_1_91' title='bbox 584 1247 670 1275; x_wconf 89' lang='lat' dir='ltr'>non</span> <span class='ocrx_word' id='word_1_92' title='bbox 693 1247 851 1287; x_wconf 89' lang='lat' dir='ltr'>aequus</span> <span class='ocrx_word' id='word_1_93' title='bbox 877 1239 918 1274; x_wconf 91' lang='lat' dir='ltr'>et</span> <span class='ocrx_word' id='word_1_94' title='bbox 940 1233 1035 1275; x_wconf 89' lang='lat' dir='ltr'>illae</span> 
     </span>
     <span class='ocr_line' id='line_1_16' title="bbox 105 1295 1123 1352; baseline 0 -15"><span class='ocrx_word' id='word_1_95' title='bbox 105 1296 350 1352; x_wconf 88' lang='lat' dir='ltr'>praecipites</span> <span class='ocrx_word' id='word_1_96' title='bbox 374 1296 458 1338; x_wconf 87' lang='lat' dir='ltr'>alta</span> <span class='ocrx_word' id='word_1_97' title='bbox 481 1295 611 1337; x_wconf 90' lang='lat' dir='ltr'>vitam</span> <span class='ocrx_word' id='word_1_98' title='bbox 635 1295 714 1338; x_wconf 88' lang='lat' dir='ltr'>sub</span> <span class='ocrx_word' id='word_1_99' title='bbox 738 1295 849 1338; x_wconf 88' lang='lat' dir='ltr'>nube</span> <span class='ocrx_word' id='word_1_100' title='bbox 873 1295 1123 1350; x_wconf 88' lang='lat' dir='ltr'>relinquunt.</span> 
     </span>
     <span class='ocr_line' id='line_1_17' title="bbox 104 1357 1039 1414; baseline 0 -14"><span class='ocrx_word' id='word_1_101' title='bbox 104 1364 317 1414; x_wconf 90' lang='lat' dir='ltr'>praeterea</span> <span class='ocrx_word' id='word_1_102' title='bbox 340 1358 424 1400; x_wconf 88' lang='lat' dir='ltr'>iam</span> <span class='ocrx_word' id='word_1_103' title='bbox 446 1372 525 1400; x_wconf 91' lang='lat' dir='ltr'>nec</span> <span class='ocrx_word' id='word_1_104' title='bbox 548 1358 700 1400; x_wconf 87' lang='lat' dir='ltr'>mutari</span> <span class='ocrx_word' id='word_1_105' title='bbox 722 1357 877 1414; x_wconf 87' lang='lat' dir='ltr'>pabula</span> <span class='ocrx_word' id='word_1_106' title='bbox 899 1358 1039 1409; x_wconf 86' lang='lat' dir='ltr'>refert,</span> 
     </span>
     <span class='ocr_line' id='line_1_18' title="bbox 105 1420 1138 1477; baseline 0.001 -15"><span class='ocrx_word' id='word_1_107' title='bbox 105 1420 399 1475; x_wconf 89' lang='lat' dir='ltr'>quaesitaeque</span> <span class='ocrx_word' id='word_1_108' title='bbox 423 1426 574 1462; x_wconf 82' lang='lat' dir='ltr'>nocent</span> <span class='ocrx_word' id='word_1_109' title='bbox 597 1426 726 1472; x_wconf 84' lang='lat' dir='ltr'>artes3</span> <span class='ocrx_word' id='word_1_110' title='bbox 751 1435 913 1463; x_wconf 86' lang='lat' dir='ltr'>cessere</span> <span class='ocrx_word' id='word_1_111' title='bbox 937 1421 1138 1477; x_wconf 78' lang='lat' dir='ltr'>magistri,</span> 
     </span>
     <span class='ocr_line' id='line_1_19' title="bbox 103 1481 1234 1540; baseline 0.003 -16"><span class='ocrx_word' id='word_1_112' title='bbox 103 1482 356 1538; x_wconf 81' lang='lat' dir='ltr'>Phillyrides</span> <span class='ocrx_word' id='word_1_113' title='bbox 382 1481 542 1525; x_wconf 89' lang='lat' dir='ltr'>Chiron</span> <span class='ocrx_word' id='word_1_114' title='bbox 562 1481 957 1539; x_wconf 85' lang='lat' dir='ltr'>Amythaoniusque</span> <span class='ocrx_word' id='word_1_115' title='bbox 980 1483 1234 1540; x_wconf 88' lang='lat' dir='ltr'>Melampus.</span> 
     </span>
     <span class='ocr_line' id='line_1_20' title="bbox 105 1541 1129 1602; baseline 0.001 -15"><span class='ocrx_word' id='word_1_116' title='bbox 105 1545 238 1587; x_wconf 89' lang='lat' dir='ltr'>saevit</span> <span class='ocrx_word' id='word_1_117' title='bbox 261 1551 302 1586; x_wconf 88' lang='lat' dir='ltr'>et</span> <span class='ocrx_word' id='word_1_118' title='bbox 325 1544 369 1586; x_wconf 87' lang='lat' dir='ltr'>in</span> <span class='ocrx_word' id='word_1_119' title='bbox 391 1544 528 1587; x_wconf 90' lang='lat' dir='ltr'>lucem</span> <span class='ocrx_word' id='word_1_120' title='bbox 553 1543 715 1602; x_wconf 83' lang='lat' dir='ltr'>Stygiis</span> <span class='ocrx_word' id='word_1_121' title='bbox 740 1545 894 1588; x_wconf 89' lang='lat' dir='ltr'>emissa</span> <span class='ocrx_word' id='word_1_122' title='bbox 917 1545 1098 1588; x_wconf 87' lang='lat' dir='ltr'>tenebris</span> <span class='ocrx_word' id='word_1_123' title='bbox 1125 1541 1129 1545; x_wconf 32' lang='lat'><em>*</em></span> 
     </span>
     <span class='ocr_line' id='line_1_21' title="bbox 103 1606 1229 1665; baseline 0.003 -17"><span class='ocrx_word' id='word_1_124' title='bbox 103 1607 258 1663; x_wconf 87' lang='lat' dir='ltr'>pallida</span> <span class='ocrx_word' id='word_1_125' title='bbox 282 1606 529 1663; x_wconf 84' lang='lat' dir='ltr'>Tisiphone,</span> <span class='ocrx_word' id='word_1_126' title='bbox 554 1607 722 1650; x_wconf 89' lang='lat' dir='ltr'>morbos</span> <span class='ocrx_word' id='word_1_127' title='bbox 747 1608 834 1665; x_wconf 90' lang='lat' dir='ltr'>agit</span> <span class='ocrx_word' id='word_1_128' title='bbox 856 1614 952 1650; x_wconf 81' lang='lat' dir='ltr'>ante</span> <span class='ocrx_word' id='word_1_129' title='bbox 976 1615 1229 1664; x_wconf 89' lang='lat' dir='ltr'>metumque,</span> 
     </span>
     <span class='ocr_line' id='line_1_22' title="bbox 103 1669 1193 1727; baseline 0.002 -16"><span class='ocrx_word' id='word_1_130' title='bbox 103 1670 230 1724; x_wconf 93' lang='lat' dir='ltr'>inque</span> <span class='ocrx_word' id='word_1_131' title='bbox 254 1669 343 1712; x_wconf 90' lang='lat' dir='ltr'>dies</span> <span class='ocrx_word' id='word_1_132' title='bbox 367 1669 538 1711; x_wconf 87' lang='lat' dir='ltr'>avidum</span> <span class='ocrx_word' id='word_1_133' title='bbox 563 1685 739 1727; x_wconf 90' lang='lat' dir='ltr'>surgens</span> <span class='ocrx_word' id='word_1_134' title='bbox 764 1676 890 1727; x_wconf 89' lang='lat' dir='ltr'>caput</span> <span class='ocrx_word' id='word_1_135' title='bbox 913 1671 1036 1713; x_wconf 85' lang='lat' dir='ltr'>altius</span> <span class='ocrx_word' id='word_1_136' title='bbox 1062 1671 1193 1714; x_wconf 86' lang='lat' dir='ltr'>effert.</span> 
     </span>
     <span class='ocr_line' id='line_1_23' title="bbox 105 1731 1137 1790; baseline 0.003 -17"><span class='ocrx_word' id='word_1_137' title='bbox 105 1731 248 1774; x_wconf 87' lang='lat' dir='ltr'>balatu</span> <span class='ocrx_word' id='word_1_138' title='bbox 269 1746 468 1788; x_wconf 88' lang='lat' dir='ltr'>pecorum</span> <span class='ocrx_word' id='word_1_139' title='bbox 493 1739 534 1774; x_wconf 87' lang='lat' dir='ltr'>et</span> <span class='ocrx_word' id='word_1_140' title='bbox 558 1733 713 1775; x_wconf 89' lang='lat' dir='ltr'>crebris</span> <span class='ocrx_word' id='word_1_141' title='bbox 738 1733 968 1790; x_wconf 86' lang='lat' dir='ltr'>mugitibus</span> <span class='ocrx_word' id='word_1_142' title='bbox 992 1748 1137 1776; x_wconf 87' lang='lat' dir='ltr'>amnes</span> 
     </span>
     <span class='ocr_line' id='line_1_24' title="bbox 104 1794 1073 1852; baseline 0.003 -17"><span class='ocrx_word' id='word_1_143' title='bbox 104 1799 351 1848; x_wconf 84' lang='lat' dir='ltr'>arentesque</span> <span class='ocrx_word' id='word_1_144' title='bbox 376 1800 525 1836; x_wconf 87' lang='lat' dir='ltr'>sonant</span> <span class='ocrx_word' id='word_1_145' title='bbox 546 1794 662 1850; x_wconf 90' lang='lat' dir='ltr'>ripae</span> <span class='ocrx_word' id='word_1_146' title='bbox 686 1795 896 1850; x_wconf 84' lang='lat' dir='ltr'>collesque</span> <span class='ocrx_word' id='word_1_147' title='bbox 923 1796 1073 1852; x_wconf 90' lang='lat' dir='ltr'>supini.</span> 
     </span>
    </p>

    <p class='ocr_par' dir='ltr' id='par_1_7' title="bbox 104 1856 1314 1975">
     <span class='ocr_line' id='line_1_25' title="bbox 105 1856 1314 1915; baseline 0.002 -18"><span class='ocrx_word' id='word_1_148' title='bbox 105 1856 272 1910; x_wconf 89' lang='lat' dir='ltr'>iamque</span> <span class='ocrx_word' id='word_1_149' title='bbox 296 1856 538 1898; x_wconf 88' lang='lat' dir='ltr'>catervatim</span> <span class='ocrx_word' id='word_1_150' title='bbox 561 1857 634 1899; x_wconf 88' lang='lat' dir='ltr'>dat</span> <span class='ocrx_word' id='word_1_151' title='bbox 658 1864 841 1914; x_wconf 87' lang='lat' dir='ltr'>stragem</span> <span class='ocrx_word' id='word_1_152' title='bbox 865 1865 990 1912; x_wconf 86' lang='lat' dir='ltr'>atque</span> <span class='ocrx_word' id='word_1_153' title='bbox 1014 1865 1188 1915; x_wconf 89' lang='lat' dir='ltr'>aggerat</span> <span class='ocrx_word' id='word_1_154' title='bbox 1210 1859 1314 1914; x_wconf 90' lang='lat' dir='ltr'>ipsis</span> 
     </span>
     <span class='ocr_line' id='line_1_26' title="bbox 104 1917 1027 1975; baseline 0.003 -15"><span class='ocrx_word' id='word_1_155' title='bbox 104 1919 148 1960; x_wconf 90' lang='lat' dir='ltr'>in</span> <span class='ocrx_word' id='word_1_156' title='bbox 172 1917 347 1960; x_wconf 89' lang='lat' dir='ltr'>stabulis</span> <span class='ocrx_word' id='word_1_157' title='bbox 372 1919 482 1975; x_wconf 88' lang='lat' dir='ltr'>turpi</span> <span class='ocrx_word' id='word_1_158' title='bbox 505 1919 667 1975; x_wconf 86' lang='lat' dir='ltr'>dilapsa</span> <span class='ocrx_word' id='word_1_159' title='bbox 690 1921 894 1962; x_wconf 86' lang='lat' dir='ltr'>cadavera</span> <span class='ocrx_word' id='word_1_160' title='bbox 918 1919 1027 1971; x_wconf 80' lang='lat' dir='ltr'>tabo,</span> 
     </span>
    </p>

    <p class='ocr_par' dir='ltr' id='par_1_8' title="bbox 103 1980 1298 2163">
     <span class='ocr_line' id='line_1_27' title="bbox 104 1980 1272 2038; baseline 0.003 -16"><span class='ocrx_word' id='word_1_161' title='bbox 104 1981 237 2023; x_wconf 89' lang='lat' dir='ltr'>donec</span> <span class='ocrx_word' id='word_1_162' title='bbox 260 1980 388 2023; x_wconf 92' lang='lat' dir='ltr'>humo</span> <span class='ocrx_word' id='word_1_163' title='bbox 413 1988 553 2038; x_wconf 90' lang='lat' dir='ltr'>tegere</span> <span class='ocrx_word' id='word_1_164' title='bbox 578 1997 628 2024; x_wconf 84' lang='lat' dir='ltr'>ac</span> <span class='ocrx_word' id='word_1_165' title='bbox 651 1982 786 2025; x_wconf 87' lang='lat' dir='ltr'>foveis</span> <span class='ocrx_word' id='word_1_166' title='bbox 812 1982 1069 2025; x_wconf 87' lang='lat' dir='ltr'>abscondere</span> <span class='ocrx_word' id='word_1_167' title='bbox 1093 1983 1272 2025; x_wconf 88' lang='lat' dir='ltr'>discunt.</span> 
     </span>
     <span class='ocr_line' id='line_1_28' title="bbox 103 2043 1298 2100; baseline 0.003 -16"><span class='ocrx_word' id='word_1_168' title='bbox 103 2058 202 2085; x_wconf 88' lang='lat' dir='ltr'>nam</span> <span class='ocrx_word' id='word_1_169' title='bbox 224 2057 360 2097; x_wconf 87' lang='lat' dir='ltr'>neque</span> <span class='ocrx_word' id='word_1_170' title='bbox 384 2050 471 2085; x_wconf 89' lang='lat' dir='ltr'>erat</span> <span class='ocrx_word' id='word_1_171' title='bbox 495 2043 616 2086; x_wconf 89' lang='lat' dir='ltr'>coriis</span> <span class='ocrx_word' id='word_1_172' title='bbox 642 2059 763 2096; x_wconf 87' lang='lat' dir='ltr'>usus,</span> <span class='ocrx_word' id='word_1_173' title='bbox 788 2059 866 2087; x_wconf 92' lang='lat' dir='ltr'>nec</span> <span class='ocrx_word' id='word_1_174' title='bbox 888 2045 1051 2087; x_wconf 87' lang='lat' dir='ltr'>viscera</span> <span class='ocrx_word' id='word_1_175' title='bbox 1074 2046 1298 2100; x_wconf 89' lang='lat' dir='ltr'>quisquam</span> 
     </span>
     <span class='ocr_line' id='line_1_29' title="bbox 104 2104 1162 2163; baseline 0.004 -17"><span class='ocrx_word' id='word_1_176' title='bbox 104 2111 176 2147; x_wconf 88' lang='lat' dir='ltr'>aut</span> <span class='ocrx_word' id='word_1_177' title='bbox 198 2105 321 2147; x_wconf 87' lang='lat' dir='ltr'>undis</span> <span class='ocrx_word' id='word_1_178' title='bbox 345 2104 511 2148; x_wconf 90' lang='lat' dir='ltr'>abolere</span> <span class='ocrx_word' id='word_1_179' title='bbox 534 2113 674 2163; x_wconf 84' lang='lat' dir='ltr'>potest</span> <span class='ocrx_word' id='word_1_180' title='bbox 697 2114 769 2149; x_wconf 90' lang='lat' dir='ltr'>aut</span> <span class='ocrx_word' id='word_1_181' title='bbox 793 2107 958 2150; x_wconf 90' lang='lat' dir='ltr'>vincere</span> <span class='ocrx_word' id='word_1_182' title='bbox 982 2108 1162 2150; x_wconf 85' lang='lat' dir='ltr'>flamma.</span> 
     </span>
    </p>

    <p class='ocr_par' dir='ltr' id='par_1_9' title="bbox 104 2168 1148 2290">
     <span class='ocr_line' id='line_1_30' title="bbox 104 2168 1148 2227; baseline 0.004 -18"><span class='ocrx_word' id='word_1_183' title='bbox 104 2182 156 2209; x_wconf 88' lang='lat' dir='ltr'>ne</span> <span class='ocrx_word' id='word_1_184' title='bbox 181 2168 350 2210; x_wconf 89' lang='lat' dir='ltr'>tondere</span> <span class='ocrx_word' id='word_1_185' title='bbox 374 2168 543 2223; x_wconf 88' lang='lat' dir='ltr'>quidem</span> <span class='ocrx_word' id='word_1_186' title='bbox 566 2170 712 2213; x_wconf 89' lang='lat' dir='ltr'>morbo</span> <span class='ocrx_word' id='word_1_187' title='bbox 735 2170 974 2226; x_wconf 90' lang='lat' dir='ltr'>inluvieque</span> <span class='ocrx_word' id='word_1_188' title='bbox 997 2185 1148 2227; x_wconf 88' lang='lat' dir='ltr'>peresa</span> 
     </span>
     <span class='ocr_line' id='line_1_31' title="bbox 104 2229 1090 2290; baseline 0.004 -19"><span class='ocrx_word' id='word_1_189' title='bbox 104 2229 258 2272; x_wconf 87' lang='lat' dir='ltr'>vellera</span> <span class='ocrx_word' id='word_1_190' title='bbox 279 2244 358 2272; x_wconf 90' lang='lat' dir='ltr'>nec</span> <span class='ocrx_word' id='word_1_191' title='bbox 381 2230 484 2273; x_wconf 90' lang='lat' dir='ltr'>telas</span> <span class='ocrx_word' id='word_1_192' title='bbox 507 2240 684 2287; x_wconf 88' lang='lat' dir='ltr'>possunt</span> <span class='ocrx_word' id='word_1_193' title='bbox 707 2233 910 2290; x_wconf 87' lang='lat' dir='ltr'>attingere</span> <span class='ocrx_word' id='word_1_194' title='bbox 932 2240 1090 2290; x_wconf 88' lang='lat' dir='ltr'>putres.</span> 
     </span>
    </p>

    <p class='ocr_par' dir='ltr' id='par_1_10' title="bbox 105 2292 1227 2537">
     <span class='ocr_line' id='line_1_32' title="bbox 105 2292 1219 2351; baseline 0.004 -18"><span class='ocrx_word' id='word_1_195' title='bbox 105 2306 250 2333; x_wconf 90' lang='lat' dir='ltr'>verum</span> <span class='ocrx_word' id='word_1_196' title='bbox 275 2292 399 2333; x_wconf 91' lang='lat' dir='ltr'>etiam</span> <span class='ocrx_word' id='word_1_197' title='bbox 422 2293 580 2337; x_wconf 86' lang='lat' dir='ltr'>invisos</span> <span class='ocrx_word' id='word_1_198' title='bbox 606 2295 642 2336; x_wconf 91' lang='lat' dir='ltr'>si</span> <span class='ocrx_word' id='word_1_199' title='bbox 665 2295 759 2349; x_wconf 87' lang='lat' dir='ltr'>quis</span> <span class='ocrx_word' id='word_1_200' title='bbox 783 2302 1006 2351; x_wconf 80' lang='lat' dir='ltr'>temptarat</span> <span class='ocrx_word' id='word_1_201' title='bbox 1029 2296 1219 2347; x_wconf 89' lang='lat' dir='ltr'>amictus,</span> 
     </span>
     <span class='ocr_line' id='line_1_33' title="bbox 105 2353 1227 2411; baseline 0.004 -16"><span class='ocrx_word' id='word_1_202' title='bbox 105 2353 298 2396; x_wconf 80' lang='lat' dir='ltr'>ardentes</span> <span class='ocrx_word' id='word_1_203' title='bbox 321 2354 499 2410; x_wconf 91' lang='lat' dir='ltr'>papulae</span> <span class='ocrx_word' id='word_1_204' title='bbox 523 2362 646 2411; x_wconf 88' lang='lat' dir='ltr'>atque</span> <span class='ocrx_word' id='word_1_205' title='bbox 670 2357 896 2400; x_wconf 90' lang='lat' dir='ltr'>inmundus</span> <span class='ocrx_word' id='word_1_206' title='bbox 922 2358 1075 2400; x_wconf 92' lang='lat' dir='ltr'>olentia</span> <span class='ocrx_word' id='word_1_207' title='bbox 1099 2359 1227 2400; x_wconf 90' lang='lat' dir='ltr'>sudor</span> 
     </span>
     <span class='ocr_line' id='line_1_34' title="bbox 105 2414 1205 2475; baseline 0.005 -19"><span class='ocrx_word' id='word_1_208' title='bbox 105 2414 294 2457; x_wconf 89' lang='lat' dir='ltr'>membra</span> <span class='ocrx_word' id='word_1_209' title='bbox 316 2415 577 2470; x_wconf 86' lang='lat' dir='ltr'>sequebatur.</span> <span class='ocrx_word' id='word_1_210' title='bbox 603 2433 681 2460; x_wconf 91' lang='lat' dir='ltr'>nec</span> <span class='ocrx_word' id='word_1_211' title='bbox 702 2419 830 2475; x_wconf 91' lang='lat' dir='ltr'>longo</span> <span class='ocrx_word' id='word_1_212' title='bbox 854 2420 1003 2462; x_wconf 91' lang='lat' dir='ltr'>deinde</span> <span class='ocrx_word' id='word_1_213' title='bbox 1027 2421 1205 2462; x_wconf 88' lang='lat' dir='ltr'>moranti</span> 
     </span>
     <span class='ocr_line' id='line_1_35' title="bbox 107 2481 1123 2537; baseline 0.005 -18"><span class='ocrx_word' id='word_1_214' title='bbox 107 2484 291 2534; x_wconf 91' lang='lat' dir='ltr'>tempore</span> <span class='ocrx_word' id='word_1_215' title='bbox 315 2484 526 2522; x_wconf 87' lang='lat' dir='ltr'>contactos</span> <span class='ocrx_word' id='word_1_216' title='bbox 550 2485 663 2522; x_wconf 87' lang='lat' dir='ltr'>artus</span> <span class='ocrx_word' id='word_1_217' title='bbox 688 2495 805 2523; x_wconf 84' lang='lat' dir='ltr'>sacer</span> <span class='ocrx_word' id='word_1_218' title='bbox 827 2481 937 2537; x_wconf 89' lang='lat' dir='ltr'>ignis</span> <span class='ocrx_word' id='word_1_219' title='bbox 962 2481 1123 2524; x_wconf 88' lang='lat' dir='ltr'>edebat.</span> 
     </span>
    </p>
   </div>
   <div class='ocr_carea' id='block_1_3' title="bbox 1420 308 1471 350">
    <p class='ocr_par' dir='ltr' id='par_1_11' title="bbox 1420 308 1471 350">
     <span class='ocr_line' id='line_1_36' title="bbox 1420 308 1471 350; baseline 0.02 -1"><span class='ocrx_word' id='word_1_220' title='bbox 1420 308 1471 350; x_wconf 86' lang='lat'>71</span> 
     </span>
    </p>
   </div>
   <div class='ocr_carea' id='block_1_4' title="bbox 1502 557 1568 590">
    <p class='ocr_par' dir='ltr' id='par_1_12' title="bbox 1502 557 1568 590">
     <span class='ocr_line' id='line_1_37' title="bbox 1502 557 1568 590; baseline 0 -1"><span class='ocrx_word' id='word_1_221' title='bbox 1502 557 1568 590; x_wconf 85' lang='lat'>535</span> 
     </span>
    </p>
   </div>
   <div class='ocr_carea' id='block_1_5' title="bbox 1501 869 1568 900">
    <p class='ocr_par' dir='ltr' id='par_1_13' title="bbox 1501 869 1568 900">
     <span class='ocr_line' id='line_1_38' title="bbox 1501 869 1568 900; baseline -0.015 0"><span class='ocrx_word' id='word_1_222' title='bbox 1501 869 1568 900; x_wconf 78' lang='lat'>540</span> 
     </span>
    </p>
   </div>
   <div class='ocr_carea' id='block_1_6' title="bbox 1502 1180 1568 1211">
    <p class='ocr_par' dir='ltr' id='par_1_14' title="bbox 1502 1180 1568 1211">
     <span class='ocr_line' id='line_1_39' title="bbox 1502 1180 1568 1211; baseline 0.03 -2"><span class='ocrx_word' id='word_1_223' title='bbox 1502 1180 1568 1211; x_wconf 70' lang='lat'>545</span> 
     </span>
    </p>
   </div>
   <div class='ocr_carea' id='block_1_7' title="bbox 1501 1492 1568 1522">
    <p class='ocr_par' dir='ltr' id='par_1_15' title="bbox 1501 1492 1568 1522">
     <span class='ocr_line' id='line_1_40' title="bbox 1501 1492 1568 1522; baseline 0 0"><span class='ocrx_word' id='word_1_224' title='bbox 1501 1492 1568 1522; x_wconf 86' lang='grc'>550</span> 
     </span>
    </p>
   </div>
   <div class='ocr_carea' id='block_1_8' title="bbox 1500 1804 1566 1834">
    <p class='ocr_par' dir='ltr' id='par_1_16' title="bbox 1500 1804 1566 1834">
     <span class='ocr_line' id='line_1_41' title="bbox 1500 1804 1566 1834; baseline 0.015 -1"><span class='ocrx_word' id='word_1_225' title='bbox 1500 1804 1566 1834; x_wconf 87' lang='grc'>555</span> 
     </span>
    </p>
   </div>
   <div class='ocr_carea' id='block_1_9' title="bbox 1500 2114 1566 2143">
    <p class='ocr_par' dir='ltr' id='par_1_17' title="bbox 1500 2114 1566 2143">
     <span class='ocr_line' id='line_1_42' title="bbox 1500 2114 1566 2143; baseline 0.015 -1"><span class='ocrx_word' id='word_1_226' title='bbox 1500 2114 1566 2143; x_wconf 74' lang='lat'>560</span> 
     </span>
    </p>
   </div>
   <div class='ocr_carea' id='block_1_10' title="bbox 1500 2425 1564 2455">
    <p class='ocr_par' dir='ltr' id='par_1_18' title="bbox 1500 2425 1564 2455">
     <span class='ocr_line' id='line_1_43' title="bbox 1500 2425 1564 2455; baseline 0 0"><span class='ocrx_word' id='word_1_227' title='bbox 1500 2425 1564 2455; x_wconf 88' lang='grc'>565</span> 
     </span>
    </p>
   </div>
  </div>
 </body>
</html>
