<?xml version="1.0" encoding="UTF-8"?>
<!DOCTYPE html PUBLIC "-//W3C//DTD XHTML 1.0 Transitional//EN"
    "http://www.w3.org/TR/xhtml1/DTD/xhtml1-transitional.dtd">
<html xmlns="http://www.w3.org/1999/xhtml" xml:lang="en" lang="en">
 <head>
  <title>
</title>
<meta http-equiv="Content-Type" content="text/html;charset=utf-8" />
  <meta name='ocr-system' content='tesseract 3.04.00' />
  <meta name='ocr-capabilities' content='ocr_page ocr_carea ocr_par ocr_line ocrx_word'/>
</head>
<body>
  <div class='ocr_page' id='page_1' title='image "./operavirg00virguoft_0186.png"; bbox 0 0 1794 3048; ppageno 0'>
   <div class='ocr_carea' id='block_1_1' title="bbox 294 680 355 710">
    <p class='ocr_par' dir='ltr' id='par_1_1' title="bbox 294 680 355 710">
     <span class='ocr_line' id='line_1_1' title="bbox 294 680 355 710; baseline 0.033 -2"><span class='ocrx_word' id='word_1_1' title='bbox 294 680 355 710; x_wconf 87' lang='lat'>190</span> 
     </span>
    </p>
   </div>
   <div class='ocr_carea' id='block_1_2' title="bbox 294 984 355 1015">
    <p class='ocr_par' dir='ltr' id='par_1_2' title="bbox 294 984 355 1015">
     <span class='ocr_line' id='line_1_2' title="bbox 294 984 355 1015; baseline 0.016 -1"><span class='ocrx_word' id='word_1_2' title='bbox 294 984 355 1015; x_wconf 84' lang='lat'>195</span> 
     </span>
    </p>
   </div>
   <div class='ocr_carea' id='block_1_3' title="bbox 290 1593 353 1623">
    <p class='ocr_par' dir='ltr' id='par_1_3' title="bbox 290 1593 353 1623">
     <span class='ocr_line' id='line_1_3' title="bbox 290 1593 353 1623; baseline 0.016 -1"><span class='ocrx_word' id='word_1_3' title='bbox 290 1593 353 1623; x_wconf 83' lang='lat'>205</span> 
     </span>
    </p>
   </div>
   <div class='ocr_carea' id='block_1_4' title="bbox 290 1898 354 1928">
    <p class='ocr_par' dir='ltr' id='par_1_4' title="bbox 290 1898 354 1928">
     <span class='ocr_line' id='line_1_4' title="bbox 290 1898 354 1928; baseline 0.016 -1"><span class='ocrx_word' id='word_1_4' title='bbox 290 1898 354 1928; x_wconf 81' lang='lat'>210</span> 
     </span>
    </p>
   </div>
   <div class='ocr_carea' id='block_1_5' title="bbox 290 2204 354 2234">
    <p class='ocr_par' dir='ltr' id='par_1_5' title="bbox 290 2204 354 2234">
     <span class='ocr_line' id='line_1_5' title="bbox 290 2204 354 2234; baseline 0.016 -1"><span class='ocrx_word' id='word_1_5' title='bbox 290 2204 354 2234; x_wconf 79' lang='lat'>215</span> 
     </span>
    </p>
   </div>
   <div class='ocr_carea' id='block_1_6' title="bbox 385 314 1314 357">
    <p class='ocr_par' dir='ltr' id='par_1_6' title="bbox 385 314 1314 357">
     <span class='ocr_line' id='line_1_6' title="bbox 385 314 1314 357; baseline 0.001 -2"><span class='ocrx_word' id='word_1_6' title='bbox 385 314 465 356; x_wconf 83' lang='lat'>154</span> <span class='ocrx_word' id='word_1_7' title='bbox 781 320 823 355; x_wconf 94' lang='grc' dir='ltr'>Ρ.</span> <span class='ocrx_word' id='word_1_8' title='bbox 842 319 1074 356; x_wconf 81' lang='lat' dir='ltr'><strong>VERGILII</strong></span> <span class='ocrx_word' id='word_1_9' title='bbox 1091 318 1268 357; x_wconf 85' lang='lat' dir='ltr'>MARON</span> <span class='ocrx_word' id='word_1_10' title='bbox 1268 321 1314 356; x_wconf 86' lang='lat' dir='ltr'>IS</span> 
     </span>
    </p>
   </div>
   <div class='ocr_carea' id='block_1_7' title="bbox 377 420 1614 2797">
    <p class='ocr_par' dir='ltr' id='par_1_7' title="bbox 377 420 1495 1146">
     <span class='ocr_line' id='line_1_7' title="bbox 379 420 1365 471; baseline -0.002 -7"><span class='ocrx_word' id='word_1_11' title='bbox 379 424 470 464; x_wconf 90' lang='lat' dir='ltr'>luce</span> <span class='ocrx_word' id='word_1_12' title='bbox 495 422 608 463; x_wconf 87' lang='lat' dir='ltr'>sedet</span> <span class='ocrx_word' id='word_1_13' title='bbox 632 426 769 462; x_wconf 90' lang='lat' dir='ltr'>custos</span> <span class='ocrx_word' id='word_1_14' title='bbox 794 426 864 461; x_wconf 85' lang='lat' dir='ltr'>aut</span> <span class='ocrx_word' id='word_1_15' title='bbox 888 420 1037 461; x_wconf 91' lang='lat' dir='ltr'>summi</span> <span class='ocrx_word' id='word_1_16' title='bbox 1059 420 1235 462; x_wconf 86' lang='lat' dir='ltr'>culmine</span> <span class='ocrx_word' id='word_1_17' title='bbox 1258 421 1365 471; x_wconf 88' lang='lat' dir='ltr'>tecti,</span> 
     </span>
     <span class='ocr_line' id='line_1_8' title="bbox 380 481 1382 537; baseline 0 -13"><span class='ocrx_word' id='word_1_18' title='bbox 380 483 557 524; x_wconf 84' lang='lat' dir='ltr'>turribus</span> <span class='ocrx_word' id='word_1_19' title='bbox 582 488 653 523; x_wconf 88' lang='lat' dir='ltr'>aut</span> <span class='ocrx_word' id='word_1_20' title='bbox 676 481 786 531; x_wconf 86' lang='lat' dir='ltr'>altis,</span> <span class='ocrx_word' id='word_1_21' title='bbox 812 486 852 522; x_wconf 85' lang='lat' dir='ltr'>et</span> <span class='ocrx_word' id='word_1_22' title='bbox 874 496 1046 537; x_wconf 86' lang='lat' dir='ltr'>magnas</span> <span class='ocrx_word' id='word_1_23' title='bbox 1071 482 1225 523; x_wconf 87' lang='lat' dir='ltr'>territat</span> <span class='ocrx_word' id='word_1_24' title='bbox 1247 481 1382 533; x_wconf 81' lang='lat' dir='ltr'>urbes,</span> 
     </span>
     <span class='ocr_line' id='line_1_9' title="bbox 380 542 1365 597; baseline -0.001 -12"><span class='ocrx_word' id='word_1_25' title='bbox 380 550 463 585; x_wconf 89' lang='lat' dir='ltr'>tam</span> <span class='ocrx_word' id='word_1_26' title='bbox 486 542 570 584; x_wconf 91' lang='lat' dir='ltr'>ficti</span> <span class='ocrx_word' id='word_1_27' title='bbox 591 542 788 597; x_wconf 89' lang='lat' dir='ltr'>pravique</span> <span class='ocrx_word' id='word_1_28' title='bbox 813 550 934 583; x_wconf 84' lang='lat' dir='ltr'>tenax</span> <span class='ocrx_word' id='word_1_29' title='bbox 957 557 1080 596; x_wconf 90' lang='lat' dir='ltr'>quam</span> <span class='ocrx_word' id='word_1_30' title='bbox 1103 542 1246 584; x_wconf 88' lang='lat' dir='ltr'>nuntia</span> <span class='ocrx_word' id='word_1_31' title='bbox 1267 543 1365 584; x_wconf 89' lang='lat' dir='ltr'>veri.</span> 
     </span>
     <span class='ocr_line' id='line_1_10' title="bbox 377 604 1439 661; baseline -0.001 -14"><span class='ocrx_word' id='word_1_32' title='bbox 377 606 480 647; x_wconf 88' lang='lat' dir='ltr'>haec</span> <span class='ocrx_word' id='word_1_33' title='bbox 504 611 591 646; x_wconf 89' lang='lat' dir='ltr'>tum</span> <span class='ocrx_word' id='word_1_34' title='bbox 614 604 828 659; x_wconf 85' lang='lat' dir='ltr'>multiplici</span> <span class='ocrx_word' id='word_1_35' title='bbox 850 605 1024 659; x_wconf 88' lang='lat' dir='ltr'>populos</span> <span class='ocrx_word' id='word_1_36' title='bbox 1049 619 1234 646; x_wconf 85' lang='lat' dir='ltr'>sermone</span> <span class='ocrx_word' id='word_1_37' title='bbox 1256 605 1439 661; x_wconf 89' lang='lat' dir='ltr'>replebat</span> 
     </span>
     <span class='ocr_line' id='line_1_11' title="bbox 378 664 1465 721; baseline 0 -14"><span class='ocrx_word' id='word_1_38' title='bbox 378 666 564 721; x_wconf 90' lang='lat' dir='ltr'>gaudens</span> <span class='ocrx_word' id='word_1_39' title='bbox 589 671 629 706; x_wconf 93' lang='lat' dir='ltr'>et</span> <span class='ocrx_word' id='word_1_40' title='bbox 651 665 802 720; x_wconf 87' lang='lat' dir='ltr'>pariter</span> <span class='ocrx_word' id='word_1_41' title='bbox 825 664 935 706; x_wconf 87' lang='lat' dir='ltr'>facta</span> <span class='ocrx_word' id='word_1_42' title='bbox 958 671 1079 719; x_wconf 87' lang='lat' dir='ltr'>atque</span> <span class='ocrx_word' id='word_1_43' title='bbox 1101 665 1254 707; x_wconf 85' lang='lat' dir='ltr'>infecta</span> <span class='ocrx_word' id='word_1_44' title='bbox 1277 666 1465 708; x_wconf 84' lang='lat' dir='ltr'>canebat:</span> 
     </span>
     <span class='ocr_line' id='line_1_12' title="bbox 377 725 1372 782; baseline -0.001 -14"><span class='ocrx_word' id='word_1_45' title='bbox 377 727 539 768; x_wconf 84' lang='lat' dir='ltr'>venisse</span> <span class='ocrx_word' id='word_1_46' title='bbox 562 725 753 776; x_wconf 83' lang='lat' dir='ltr'><strong>Aenean,</strong></span> <span class='ocrx_word' id='word_1_47' title='bbox 779 726 957 768; x_wconf 89' lang='lat' dir='ltr'>Troiano</span> <span class='ocrx_word' id='word_1_48' title='bbox 982 727 1181 782; x_wconf 87' lang='lat' dir='ltr'>sanguine</span> <span class='ocrx_word' id='word_1_49' title='bbox 1205 732 1372 777; x_wconf 91' lang='lat' dir='ltr'>cretum,</span> 
     </span>
     <span class='ocr_line' id='line_1_13' title="bbox 378 787 1373 843; baseline -0.001 -14"><span class='ocrx_word' id='word_1_50' title='bbox 378 788 444 829; x_wconf 89' lang='lat' dir='ltr'>cui</span> <span class='ocrx_word' id='word_1_51' title='bbox 468 802 512 829; x_wconf 87' lang='lat' dir='ltr'>se</span> <span class='ocrx_word' id='word_1_52' title='bbox 535 787 705 842; x_wconf 87' lang='lat' dir='ltr'>pulchra</span> <span class='ocrx_word' id='word_1_53' title='bbox 727 787 814 828; x_wconf 88' lang='lat' dir='ltr'>viro</span> <span class='ocrx_word' id='word_1_54' title='bbox 838 787 1029 842; x_wconf 84' lang='lat' dir='ltr'>dignetur</span> <span class='ocrx_word' id='word_1_55' title='bbox 1050 788 1218 843; x_wconf 90' lang='lat' dir='ltr'>iungere</span> <span class='ocrx_word' id='word_1_56' title='bbox 1240 787 1373 838; x_wconf 80' lang='lat' dir='ltr'>Did03</span> 
     </span>
     <span class='ocr_line' id='line_1_14' title="bbox 377 847 1495 904; baseline 0.001 -15"><span class='ocrx_word' id='word_1_57' title='bbox 377 862 486 889; x_wconf 87' lang='lat' dir='ltr'>nunc</span> <span class='ocrx_word' id='word_1_58' title='bbox 508 847 684 889; x_wconf 88' lang='lat' dir='ltr'>hiemem</span> <span class='ocrx_word' id='word_1_59' title='bbox 707 848 812 889; x_wconf 89' lang='lat' dir='ltr'>inter</span> <span class='ocrx_word' id='word_1_60' title='bbox 835 862 879 889; x_wconf 88' lang='lat' dir='ltr'>se</span> <span class='ocrx_word' id='word_1_61' title='bbox 902 848 1020 898; x_wconf 83' lang='lat' dir='ltr'>luxu,</span> <span class='ocrx_word' id='word_1_62' title='bbox 1045 862 1168 902; x_wconf 90' lang='lat' dir='ltr'>quam</span> <span class='ocrx_word' id='word_1_63' title='bbox 1191 848 1332 904; x_wconf 90' lang='lat' dir='ltr'>longa,</span> <span class='ocrx_word' id='word_1_64' title='bbox 1357 848 1495 890; x_wconf 86' lang='lat' dir='ltr'>fovere</span> 
     </span>
     <span class='ocr_line' id='line_1_15' title="bbox 377 909 1466 965; baseline -0.001 -14"><span class='ocrx_word' id='word_1_65' title='bbox 377 923 595 965; x_wconf 88' lang='lat' dir='ltr'>regnorum</span> <span class='ocrx_word' id='word_1_66' title='bbox 619 909 861 950; x_wconf 83' lang='lat' dir='ltr'>inmemores</span> <span class='ocrx_word' id='word_1_67' title='bbox 887 909 1074 964; x_wconf 76' lang='lat' dir='ltr'>turpique</span> <span class='ocrx_word' id='word_1_68' title='bbox 1099 909 1288 964; x_wconf 91' lang='lat' dir='ltr'>cupidine</span> <span class='ocrx_word' id='word_1_69' title='bbox 1313 914 1466 964; x_wconf 86' lang='lat' dir='ltr'>captos.</span> 
     </span>
     <span class='ocr_line' id='line_1_16' title="bbox 379 970 1444 1025; baseline -0.001 -14"><span class='ocrx_word' id='word_1_70' title='bbox 379 970 480 1011; x_wconf 88' lang='lat' dir='ltr'>haec</span> <span class='ocrx_word' id='word_1_71' title='bbox 503 970 658 1025; x_wconf 88' lang='lat' dir='ltr'>passim</span> <span class='ocrx_word' id='word_1_72' title='bbox 682 970 759 1011; x_wconf 89' lang='lat' dir='ltr'>dea</span> <span class='ocrx_word' id='word_1_73' title='bbox 782 970 905 1011; x_wconf 77' lang='lat' dir='ltr'>foeda</span> <span class='ocrx_word' id='word_1_74' title='bbox 927 970 1059 1010; x_wconf 83' lang='lat' dir='ltr'>virum</span> <span class='ocrx_word' id='word_1_75' title='bbox 1084 970 1275 1010; x_wconf 86' lang='lat' dir='ltr'>diffundit</span> <span class='ocrx_word' id='word_1_76' title='bbox 1296 970 1339 1010; x_wconf 92' lang='lat' dir='ltr'>in</span> <span class='ocrx_word' id='word_1_77' title='bbox 1363 984 1444 1011; x_wconf 89' lang='lat' dir='ltr'>ora.</span> 
     </span>
     <span class='ocr_line' id='line_1_17' title="bbox 378 1030 1388 1087; baseline -0.001 -15"><span class='ocrx_word' id='word_1_78' title='bbox 378 1031 561 1087; x_wconf 86' lang='lat' dir='ltr'>protinus</span> <span class='ocrx_word' id='word_1_79' title='bbox 586 1031 639 1072; x_wconf 90' lang='lat' dir='ltr'>ad</span> <span class='ocrx_word' id='word_1_80' title='bbox 661 1045 799 1086; x_wconf 89' lang='lat' dir='ltr'>regem</span> <span class='ocrx_word' id='word_1_81' title='bbox 824 1045 966 1072; x_wconf 85' lang='lat' dir='ltr'>cursus</span> <span class='ocrx_word' id='word_1_82' title='bbox 991 1031 1203 1084; x_wconf 85' lang='lat' dir='ltr'>detorquet</span> <span class='ocrx_word' id='word_1_83' title='bbox 1226 1030 1388 1080; x_wconf 84' lang='lat' dir='ltr'>Iarban,</span> 
     </span>
     <span class='ocr_line' id='line_1_18' title="bbox 378 1091 1437 1146; baseline -0.002 -13"><span class='ocrx_word' id='word_1_84' title='bbox 378 1091 636 1145; x_wconf 85' lang='lat' dir='ltr'>incenditque</span> <span class='ocrx_word' id='word_1_85' title='bbox 660 1091 839 1132; x_wconf 90' lang='lat' dir='ltr'>animum</span> <span class='ocrx_word' id='word_1_86' title='bbox 863 1092 981 1132; x_wconf 89' lang='lat' dir='ltr'>dictis</span> <span class='ocrx_word' id='word_1_87' title='bbox 1006 1096 1127 1145; x_wconf 87' lang='lat' dir='ltr'>atque</span> <span class='ocrx_word' id='word_1_88' title='bbox 1151 1097 1320 1146; x_wconf 84' lang='lat' dir='ltr'>aggerat</span> <span class='ocrx_word' id='word_1_89' title='bbox 1343 1091 1437 1132; x_wconf 85' lang='lat' dir='ltr'>iras.</span> 
     </span>
    </p>

    <p class='ocr_par' dir='ltr' id='par_1_8' title="bbox 377 1149 1614 2431">
     <span class='ocr_line' id='line_1_19' title="bbox 433 1149 1614 1207; baseline -0.002 -13"><span class='ocrx_word' id='word_1_90' title='bbox 433 1152 517 1194; x_wconf 81' lang='lat' dir='ltr'>Hic</span> <span class='ocrx_word' id='word_1_91' title='bbox 540 1151 774 1194; x_wconf 88' lang='lat' dir='ltr'>Hammone</span> <span class='ocrx_word' id='word_1_92' title='bbox 799 1158 929 1202; x_wconf 89' lang='lat' dir='ltr'>satus,</span> <span class='ocrx_word' id='word_1_93' title='bbox 954 1158 1071 1207; x_wconf 88' lang='lat' dir='ltr'>rapta</span> <span class='ocrx_word' id='word_1_94' title='bbox 1096 1149 1388 1193; x_wconf 86' lang='lat' dir='ltr'>Garamantide</span> <span class='ocrx_word' id='word_1_95' title='bbox 1411 1151 1614 1207; x_wconf 84' lang='lat' dir='ltr'>Nympha,</span> 
     </span>
     <span class='ocr_line' id='line_1_20' title="bbox 378 1213 1319 1269; baseline -0.001 -15"><span class='ocrx_word' id='word_1_96' title='bbox 378 1213 529 1269; x_wconf 91' lang='lat' dir='ltr'>templa</span> <span class='ocrx_word' id='word_1_97' title='bbox 551 1213 642 1254; x_wconf 90' lang='lat' dir='ltr'>Iovi</span> <span class='ocrx_word' id='word_1_98' title='bbox 666 1219 828 1254; x_wconf 91' lang='lat' dir='ltr'>centum</span> <span class='ocrx_word' id='word_1_99' title='bbox 850 1214 942 1254; x_wconf 90' lang='lat' dir='ltr'>latis</span> <span class='ocrx_word' id='word_1_100' title='bbox 966 1213 1146 1254; x_wconf 88' lang='lat' dir='ltr'>imnania</span> <span class='ocrx_word' id='word_1_101' title='bbox 1168 1213 1319 1268; x_wconf 89' lang='lat' dir='ltr'>regnis,</span> 
     </span>
     <span class='ocr_line' id='line_1_21' title="bbox 379 1274 1532 1330; baseline -0.001 -14"><span class='ocrx_word' id='word_1_102' title='bbox 379 1281 540 1316; x_wconf 88' lang='lat' dir='ltr'>centum</span> <span class='ocrx_word' id='word_1_103' title='bbox 566 1290 656 1316; x_wconf 87' lang='lat' dir='ltr'>aras</span> <span class='ocrx_word' id='word_1_104' title='bbox 679 1274 832 1329; x_wconf 81' lang='lat' dir='ltr'>posuit,</span> <span class='ocrx_word' id='word_1_105' title='bbox 857 1275 1104 1330; x_wconf 86' lang='lat' dir='ltr'>vigilemque</span> <span class='ocrx_word' id='word_1_106' title='bbox 1130 1279 1359 1315; x_wconf 82' lang='lat' dir='ltr'>sacraverat</span> <span class='ocrx_word' id='word_1_107' title='bbox 1381 1274 1532 1329; x_wconf 89' lang='lat' dir='ltr'>ignem,</span> 
     </span>
     <span class='ocr_line' id='line_1_22' title="bbox 378 1336 1439 1391; baseline -0.001 -13"><span class='ocrx_word' id='word_1_108' title='bbox 378 1336 571 1378; x_wconf 83' lang='lat' dir='ltr'>excubias</span> <span class='ocrx_word' id='word_1_109' title='bbox 596 1337 734 1378; x_wconf 91' lang='lat' dir='ltr'>divom</span> <span class='ocrx_word' id='word_1_110' title='bbox 760 1342 964 1386; x_wconf 89' lang='lat' dir='ltr'>aeternas,</span> <span class='ocrx_word' id='word_1_111' title='bbox 988 1336 1273 1391; x_wconf 87' lang='lat' dir='ltr'>pecudumque</span> <span class='ocrx_word' id='word_1_112' title='bbox 1298 1350 1439 1377; x_wconf 89' lang='lat' dir='ltr'>cruore</span> 
     </span>
     <span class='ocr_line' id='line_1_23' title="bbox 377 1397 1421 1453; baseline 0 -14"><span class='ocrx_word' id='word_1_113' title='bbox 377 1398 529 1453; x_wconf 90' lang='lat' dir='ltr'>pingue</span> <span class='ocrx_word' id='word_1_114' title='bbox 554 1397 686 1439; x_wconf 87' lang='lat' dir='ltr'>solum</span> <span class='ocrx_word' id='word_1_115' title='bbox 710 1403 750 1438; x_wconf 87' lang='lat' dir='ltr'>et</span> <span class='ocrx_word' id='word_1_116' title='bbox 772 1398 896 1438; x_wconf 80' lang='lat' dir='ltr'>variis</span> <span class='ocrx_word' id='word_1_117' title='bbox 921 1397 1105 1438; x_wconf 88' lang='lat' dir='ltr'>florentia</span> <span class='ocrx_word' id='word_1_118' title='bbox 1126 1397 1267 1438; x_wconf 89' lang='lat' dir='ltr'>limina</span> <span class='ocrx_word' id='word_1_119' title='bbox 1291 1398 1421 1439; x_wconf 87' lang='lat' dir='ltr'>sertis.</span> 
     </span>
     <span class='ocr_line' id='line_1_24' title="bbox 377 1457 1434 1512; baseline 0 -12"><span class='ocrx_word' id='word_1_120' title='bbox 377 1460 493 1512; x_wconf 88' lang='lat' dir='ltr'>isque</span> <span class='ocrx_word' id='word_1_121' title='bbox 517 1473 657 1500; x_wconf 88' lang='lat' dir='ltr'>amens</span> <span class='ocrx_word' id='word_1_122' title='bbox 682 1458 807 1499; x_wconf 90' lang='lat' dir='ltr'>animi</span> <span class='ocrx_word' id='word_1_123' title='bbox 831 1464 870 1499; x_wconf 89' lang='lat' dir='ltr'>et</span> <span class='ocrx_word' id='word_1_124' title='bbox 892 1473 1053 1500; x_wconf 86' lang='lat' dir='ltr'>rumore</span> <span class='ocrx_word' id='word_1_125' title='bbox 1077 1457 1273 1500; x_wconf 81' lang='lat' dir='ltr'>accensus</span> <span class='ocrx_word' id='word_1_126' title='bbox 1297 1474 1434 1501; x_wconf 86' lang='lat' dir='ltr'>amaro</span> 
     </span>
     <span class='ocr_line' id='line_1_25' title="bbox 378 1519 1390 1561; baseline 0.001 -1"><span class='ocrx_word' id='word_1_127' title='bbox 378 1519 525 1561; x_wconf 88' lang='lat' dir='ltr'>dicitur</span> <span class='ocrx_word' id='word_1_128' title='bbox 547 1525 640 1560; x_wconf 86' lang='lat' dir='ltr'>ante</span> <span class='ocrx_word' id='word_1_129' title='bbox 665 1534 755 1560; x_wconf 87' lang='lat' dir='ltr'>aras</span> <span class='ocrx_word' id='word_1_130' title='bbox 779 1519 915 1560; x_wconf 87' lang='lat' dir='ltr'>media</span> <span class='ocrx_word' id='word_1_131' title='bbox 937 1519 1042 1561; x_wconf 91' lang='lat' dir='ltr'>inter</span> <span class='ocrx_word' id='word_1_132' title='bbox 1063 1520 1231 1561; x_wconf 85' lang='lat' dir='ltr'>numina</span> <span class='ocrx_word' id='word_1_133' title='bbox 1253 1520 1390 1561; x_wconf 73' lang='lat' dir='ltr'>divom</span> 
     </span>
     <span class='ocr_line' id='line_1_26' title="bbox 377 1579 1438 1636; baseline 0.001 -16"><span class='ocrx_word' id='word_1_134' title='bbox 377 1580 504 1621; x_wconf 87' lang='lat' dir='ltr'>multa</span> <span class='ocrx_word' id='word_1_135' title='bbox 526 1580 669 1621; x_wconf 86' lang='lat' dir='ltr'>Iovem</span> <span class='ocrx_word' id='word_1_136' title='bbox 691 1579 879 1622; x_wconf 90' lang='lat' dir='ltr'>manibus</span> <span class='ocrx_word' id='word_1_137' title='bbox 904 1581 1078 1636; x_wconf 85' lang='lat' dir='ltr'>supplex</span> <span class='ocrx_word' id='word_1_138' title='bbox 1100 1595 1238 1622; x_wconf 87' lang='lat' dir='ltr'>orasse</span> <span class='ocrx_word' id='word_1_139' title='bbox 1264 1581 1438 1636; x_wconf 84' lang='lat' dir='ltr'>supinis:</span> 
     </span>
     <span class='ocr_line' id='line_1_27' title="bbox 381 1641 1489 1696; baseline 0.002 -14"><span class='ocrx_word' id='word_1_140' title='bbox 381 1641 590 1696; x_wconf 88' lang='lat' dir='ltr'>„Iuppiter</span> <span class='ocrx_word' id='word_1_141' title='bbox 613 1641 887 1696; x_wconf 85' lang='lat' dir='ltr'>omnipotens,</span> <span class='ocrx_word' id='word_1_142' title='bbox 913 1642 979 1683; x_wconf 91' lang='lat' dir='ltr'>cui</span> <span class='ocrx_word' id='word_1_143' title='bbox 1002 1656 1110 1683; x_wconf 92' lang='lat' dir='ltr'>nunc</span> <span class='ocrx_word' id='word_1_144' title='bbox 1133 1641 1348 1684; x_wconf 78' lang='lat' dir='ltr'>Maurusia</span> <span class='ocrx_word' id='word_1_145' title='bbox 1370 1642 1489 1696; x_wconf 88' lang='lat' dir='ltr'>pictis</span> 
     </span>
     <span class='ocr_line' id='line_1_28' title="bbox 378 1702 1382 1757; baseline 0.001 -14"><span class='ocrx_word' id='word_1_146' title='bbox 378 1717 480 1757; x_wconf 87' lang='lat' dir='ltr'>gens</span> <span class='ocrx_word' id='word_1_147' title='bbox 505 1702 669 1757; x_wconf 87' lang='lat' dir='ltr'>epulata</span> <span class='ocrx_word' id='word_1_148' title='bbox 691 1702 790 1744; x_wconf 88' lang='lat' dir='ltr'>toris</span> <span class='ocrx_word' id='word_1_149' title='bbox 813 1703 1028 1744; x_wconf 87' lang='lat' dir='ltr'>Lenaeum</span> <span class='ocrx_word' id='word_1_150' title='bbox 1052 1703 1152 1745; x_wconf 89' lang='lat' dir='ltr'>libat</span> <span class='ocrx_word' id='word_1_151' title='bbox 1174 1703 1382 1753; x_wconf 88' lang='lat' dir='ltr'>honorem,</span> 
     </span>
     <span class='ocr_line' id='line_1_29' title="bbox 379 1763 1554 1820; baseline 0.002 -17"><span class='ocrx_word' id='word_1_152' title='bbox 379 1763 527 1817; x_wconf 83' lang='lat' dir='ltr'>aspicis</span> <span class='ocrx_word' id='word_1_153' title='bbox 550 1763 678 1804; x_wconf 87' lang='lat' dir='ltr'>haec?</span> <span class='ocrx_word' id='word_1_154' title='bbox 701 1779 754 1804; x_wconf 91' lang='lat' dir='ltr'>an</span> <span class='ocrx_word' id='word_1_155' title='bbox 777 1769 835 1815; x_wconf 91' lang='lat' dir='ltr'>te,</span> <span class='ocrx_word' id='word_1_156' title='bbox 860 1764 1038 1820; x_wconf 88' lang='lat' dir='ltr'>genitor,</span> <span class='ocrx_word' id='word_1_157' title='bbox 1065 1779 1157 1806; x_wconf 88' lang='lat' dir='ltr'>cum</span> <span class='ocrx_word' id='word_1_158' title='bbox 1181 1764 1354 1806; x_wconf 88' lang='lat' dir='ltr'>fulmina</span> <span class='ocrx_word' id='word_1_159' title='bbox 1377 1770 1554 1818; x_wconf 82' lang='lat' dir='ltr'>torques,</span> 
     </span>
     <span class='ocr_line' id='line_1_30' title="bbox 377 1824 1501 1881; baseline 0.003 -17"><span class='ocrx_word' id='word_1_160' title='bbox 377 1824 625 1878; x_wconf 85' lang='lat' dir='ltr'>nequiquam</span> <span class='ocrx_word' id='word_1_161' title='bbox 647 1824 877 1876; x_wconf 85' lang='lat' dir='ltr'>horremus,</span> <span class='ocrx_word' id='word_1_162' title='bbox 903 1826 1094 1880; x_wconf 88' lang='lat' dir='ltr'>caecique</span> <span class='ocrx_word' id='word_1_163' title='bbox 1117 1826 1159 1867; x_wconf 89' lang='lat' dir='ltr'>in</span> <span class='ocrx_word' id='word_1_164' title='bbox 1182 1826 1360 1868; x_wconf 87' lang='lat' dir='ltr'>nubibus</span> <span class='ocrx_word' id='word_1_165' title='bbox 1383 1826 1501 1881; x_wconf 89' lang='lat' dir='ltr'>ignes</span> 
     </span>
     <span class='ocr_line' id='line_1_31' title="bbox 378 1885 1563 1929; baseline 0.003 -4"><span class='ocrx_word' id='word_1_166' title='bbox 378 1885 596 1927; x_wconf 83' lang='lat' dir='ltr'>terrificant</span> <span class='ocrx_word' id='word_1_167' title='bbox 618 1885 774 1928; x_wconf 88' lang='lat' dir='ltr'>animos</span> <span class='ocrx_word' id='word_1_168' title='bbox 799 1892 839 1927; x_wconf 91' lang='lat' dir='ltr'>et</span> <span class='ocrx_word' id='word_1_169' title='bbox 862 1887 998 1928; x_wconf 90' lang='lat' dir='ltr'>inania</span> <span class='ocrx_word' id='word_1_170' title='bbox 1020 1902 1228 1929; x_wconf 84' lang='lat' dir='ltr'>murmura</span> <span class='ocrx_word' id='word_1_171' title='bbox 1250 1887 1447 1929; x_wconf 84' lang='lat' dir='ltr'>miscent?</span> <span class='ocrx_word' id='word_1_172' title='bbox 1561 1885 1563 1888; x_wconf 59' lang='grc'>’</span> 
     </span>
     <span class='ocr_line' id='line_1_32' title="bbox 377 1946 1418 2001; baseline 0.002 -14"><span class='ocrx_word' id='word_1_173' title='bbox 377 1946 547 1997; x_wconf 88' lang='lat' dir='ltr'>femina,</span> <span class='ocrx_word' id='word_1_174' title='bbox 572 1961 676 2001; x_wconf 89' lang='lat' dir='ltr'>quae</span> <span class='ocrx_word' id='word_1_175' title='bbox 699 1947 848 1989; x_wconf 85' lang='lat' dir='ltr'>nostris</span> <span class='ocrx_word' id='word_1_176' title='bbox 873 1962 1012 1990; x_wconf 88' lang='lat' dir='ltr'>errans</span> <span class='ocrx_word' id='word_1_177' title='bbox 1034 1949 1078 1989; x_wconf 91' lang='lat' dir='ltr'>in</span> <span class='ocrx_word' id='word_1_178' title='bbox 1100 1949 1250 1991; x_wconf 84' lang='lat' dir='ltr'>finibus</span> <span class='ocrx_word' id='word_1_179' title='bbox 1274 1949 1418 1990; x_wconf 83' lang='lat' dir='ltr'>urbem</span> 
     </span>
     <span class='ocr_line' id='line_1_33' title="bbox 379 2007 1334 2062; baseline 0.004 -15"><span class='ocrx_word' id='word_1_180' title='bbox 379 2007 570 2062; x_wconf 83' lang='lat' dir='ltr'>exiguam</span> <span class='ocrx_word' id='word_1_181' title='bbox 591 2007 722 2062; x_wconf 89' lang='lat' dir='ltr'>pretio</span> <span class='ocrx_word' id='word_1_182' title='bbox 743 2008 900 2062; x_wconf 90' lang='lat' dir='ltr'>posuit,</span> <span class='ocrx_word' id='word_1_183' title='bbox 926 2009 992 2050; x_wconf 91' lang='lat' dir='ltr'>cui</span> <span class='ocrx_word' id='word_1_184' title='bbox 1014 2009 1110 2051; x_wconf 87' lang='lat' dir='ltr'>litus</span> <span class='ocrx_word' id='word_1_185' title='bbox 1136 2010 1334 2051; x_wconf 89' lang='lat' dir='ltr'>arandum</span> 
     </span>
     <span class='ocr_line' id='line_1_34' title="bbox 379 2067 1358 2124; baseline 0.003 -16"><span class='ocrx_word' id='word_1_186' title='bbox 379 2067 524 2121; x_wconf 86' lang='lat' dir='ltr'>cuique</span> <span class='ocrx_word' id='word_1_187' title='bbox 547 2068 627 2109; x_wconf 91' lang='lat' dir='ltr'>loci</span> <span class='ocrx_word' id='word_1_188' title='bbox 649 2068 763 2124; x_wconf 88' lang='lat' dir='ltr'>leges</span> <span class='ocrx_word' id='word_1_189' title='bbox 788 2069 994 2119; x_wconf 89' lang='lat' dir='ltr'>dedimus,</span> <span class='ocrx_word' id='word_1_190' title='bbox 1021 2070 1195 2111; x_wconf 91' lang='lat' dir='ltr'>conubia</span> <span class='ocrx_word' id='word_1_191' title='bbox 1217 2075 1358 2111; x_wconf 84' lang='lat' dir='ltr'>nostra</span> 
     </span>
     <span class='ocr_line' id='line_1_35' title="bbox 378 2129 1453 2187; baseline 0.002 -17"><span class='ocrx_word' id='word_1_192' title='bbox 378 2129 552 2185; x_wconf 84' lang='lat' dir='ltr'>reppulit</span> <span class='ocrx_word' id='word_1_193' title='bbox 575 2145 624 2172; x_wconf 92' lang='lat' dir='ltr'>ac</span> <span class='ocrx_word' id='word_1_194' title='bbox 646 2130 855 2172; x_wconf 90' lang='lat' dir='ltr'>dominum</span> <span class='ocrx_word' id='word_1_195' title='bbox 878 2130 1051 2172; x_wconf 88' lang='lat' dir='ltr'>Aenean</span> <span class='ocrx_word' id='word_1_196' title='bbox 1074 2132 1118 2172; x_wconf 91' lang='lat' dir='ltr'>in</span> <span class='ocrx_word' id='word_1_197' title='bbox 1139 2146 1267 2187; x_wconf 88' lang='lat' dir='ltr'>regna</span> <span class='ocrx_word' id='word_1_198' title='bbox 1288 2131 1453 2187; x_wconf 90' lang='lat' dir='ltr'>recepit.</span> 
     </span>
     <span class='ocr_line' id='line_1_36' title="bbox 379 2191 1343 2242; baseline 0.003 -11"><span class='ocrx_word' id='word_1_199' title='bbox 379 2197 418 2231; x_wconf 87' lang='lat' dir='ltr'>et</span> <span class='ocrx_word' id='word_1_200' title='bbox 441 2205 550 2232; x_wconf 90' lang='lat' dir='ltr'>nunc</span> <span class='ocrx_word' id='word_1_201' title='bbox 572 2191 640 2233; x_wconf 93' lang='lat' dir='ltr'>ille</span> <span class='ocrx_word' id='word_1_202' title='bbox 661 2191 781 2233; x_wconf 88' lang='lat' dir='ltr'>Paris</span> <span class='ocrx_word' id='word_1_203' title='bbox 806 2206 900 2233; x_wconf 91' lang='lat' dir='ltr'>cum</span> <span class='ocrx_word' id='word_1_204' title='bbox 924 2192 1113 2234; x_wconf 90' lang='lat' dir='ltr'>semiviro</span> <span class='ocrx_word' id='word_1_205' title='bbox 1137 2193 1343 2242; x_wconf 74' lang='lat' dir='ltr'>comitam,</span> 
     </span>
     <span class='ocr_line' id='line_1_37' title="bbox 380 2251 1433 2308; baseline 0.002 -16"><span class='ocrx_word' id='word_1_206' title='bbox 380 2251 575 2293; x_wconf 89' lang='lat' dir='ltr'>Maeonia</span> <span class='ocrx_word' id='word_1_207' title='bbox 597 2258 781 2293; x_wconf 89' lang='lat' dir='ltr'>mentum</span> <span class='ocrx_word' id='word_1_208' title='bbox 803 2252 923 2293; x_wconf 87' lang='lat' dir='ltr'>mitra</span> <span class='ocrx_word' id='word_1_209' title='bbox 946 2253 1179 2308; x_wconf 89' lang='lat' dir='ltr'>crinemque</span> <span class='ocrx_word' id='word_1_210' title='bbox 1201 2254 1433 2295; x_wconf 89' lang='lat' dir='ltr'>madentem</span> 
     </span>
     <span class='ocr_line' id='line_1_38' title="bbox 380 2313 1403 2371; baseline 0.001 -16"><span class='ocrx_word' id='word_1_211' title='bbox 380 2313 595 2365; x_wconf 77' lang='lat' dir='ltr'>subnixus,</span> <span class='ocrx_word' id='word_1_212' title='bbox 619 2320 736 2370; x_wconf 90' lang='lat' dir='ltr'>rapto</span> <span class='ocrx_word' id='word_1_213' title='bbox 759 2315 929 2370; x_wconf 85' lang='lat' dir='ltr'>potitur:</span> <span class='ocrx_word' id='word_1_214' title='bbox 953 2330 1028 2357; x_wconf 90' lang='lat' dir='ltr'>nos</span> <span class='ocrx_word' id='word_1_215' title='bbox 1051 2330 1221 2357; x_wconf 88' lang='lat' dir='ltr'>munera</span> <span class='ocrx_word' id='word_1_216' title='bbox 1244 2315 1403 2371; x_wconf 89' lang='lat' dir='ltr'>templis</span> 
     </span>
     <span class='ocr_line' id='line_1_39' title="bbox 378 2375 1542 2431; baseline 0 -15"><span class='ocrx_word' id='word_1_217' title='bbox 378 2375 528 2431; x_wconf 89' lang='lat' dir='ltr'>quippe</span> <span class='ocrx_word' id='word_1_218' title='bbox 552 2376 632 2417; x_wconf 88' lang='lat' dir='ltr'>tuis</span> <span class='ocrx_word' id='word_1_219' title='bbox 656 2376 844 2427; x_wconf 83' lang='lat' dir='ltr'>ferimus,</span> <span class='ocrx_word' id='word_1_220' title='bbox 871 2376 1104 2431; x_wconf 86' lang='lat' dir='ltr'>famamque</span> <span class='ocrx_word' id='word_1_221' title='bbox 1127 2377 1315 2419; x_wconf 85' lang='lat' dir='ltr'>fovemus</span> <span class='ocrx_word' id='word_1_222' title='bbox 1339 2377 1542 2418; x_wconf 88' lang='lat' dir='ltr'>inanem.“</span> 
     </span>
    </p>

    <p class='ocr_par' dir='ltr' id='par_1_9' title="bbox 378 2437 1554 2797">
     <span class='ocr_line' id='line_1_40' title="bbox 435 2437 1380 2493; baseline 0.002 -15"><span class='ocrx_word' id='word_1_223' title='bbox 435 2437 606 2479; x_wconf 82' lang='lat' dir='ltr'>Talibus</span> <span class='ocrx_word' id='word_1_224' title='bbox 631 2443 814 2479; x_wconf 89' lang='lat' dir='ltr'>orantem</span> <span class='ocrx_word' id='word_1_225' title='bbox 837 2437 955 2480; x_wconf 86' lang='lat' dir='ltr'>dictis</span> <span class='ocrx_word' id='word_1_226' title='bbox 979 2453 1151 2493; x_wconf 86' lang='lat' dir='ltr'>arasque</span> <span class='ocrx_word' id='word_1_227' title='bbox 1174 2444 1380 2480; x_wconf 88' lang='lat' dir='ltr'>tenentem</span> 
     </span>
     <span class='ocr_line' id='line_1_41' title="bbox 379 2498 1450 2554; baseline 0 -15"><span class='ocrx_word' id='word_1_228' title='bbox 379 2498 507 2539; x_wconf 84' lang='lat' dir='ltr'>audiit</span> <span class='ocrx_word' id='word_1_229' title='bbox 531 2498 804 2554; x_wconf 90' lang='lat' dir='ltr'>omnipotens,</span> <span class='ocrx_word' id='word_1_230' title='bbox 830 2499 1051 2553; x_wconf 88' lang='lat' dir='ltr'>oculosque</span> <span class='ocrx_word' id='word_1_231' title='bbox 1075 2500 1128 2541; x_wconf 87' lang='lat' dir='ltr'>ad</span> <span class='ocrx_word' id='word_1_232' title='bbox 1149 2500 1312 2541; x_wconf 89' lang='lat' dir='ltr'>moenia</span> <span class='ocrx_word' id='word_1_233' title='bbox 1334 2498 1450 2541; x_wconf 88' lang='lat' dir='ltr'>torsit</span> 
     </span>
     <span class='ocr_line' id='line_1_42' title="bbox 378 2559 1293 2614; baseline 0.004 -16"><span class='ocrx_word' id='word_1_234' title='bbox 378 2559 491 2614; x_wconf 86' lang='lat' dir='ltr'>regia</span> <span class='ocrx_word' id='word_1_235' title='bbox 516 2565 554 2600; x_wconf 90' lang='lat' dir='ltr'>et</span> <span class='ocrx_word' id='word_1_236' title='bbox 579 2559 724 2601; x_wconf 85' lang='lat' dir='ltr'>oblitos</span> <span class='ocrx_word' id='word_1_237' title='bbox 748 2560 883 2601; x_wconf 86' lang='lat' dir='ltr'>famae</span> <span class='ocrx_word' id='word_1_238' title='bbox 906 2561 1083 2602; x_wconf 87' lang='lat' dir='ltr'>melioris</span> <span class='ocrx_word' id='word_1_239' title='bbox 1108 2561 1293 2602; x_wconf 89' lang='lat' dir='ltr'>amantis.</span> 
     </span>
     <span class='ocr_line' id='line_1_43' title="bbox 380 2619 1475 2675; baseline 0.001 -16"><span class='ocrx_word' id='word_1_240' title='bbox 380 2626 466 2660; x_wconf 93' lang='lat' dir='ltr'>tum</span> <span class='ocrx_word' id='word_1_241' title='bbox 490 2620 549 2661; x_wconf 90' lang='lat' dir='ltr'>sic</span> <span class='ocrx_word' id='word_1_242' title='bbox 571 2619 824 2662; x_wconf 83' lang='lat' dir='ltr'>Mercurium</span> <span class='ocrx_word' id='word_1_243' title='bbox 848 2621 1079 2675; x_wconf 89' lang='lat' dir='ltr'>adloquitur</span> <span class='ocrx_word' id='word_1_244' title='bbox 1102 2637 1150 2663; x_wconf 91' lang='lat' dir='ltr'>ac</span> <span class='ocrx_word' id='word_1_245' title='bbox 1172 2622 1269 2663; x_wconf 88' lang='lat' dir='ltr'>talia</span> <span class='ocrx_word' id='word_1_246' title='bbox 1290 2619 1475 2661; x_wconf 87' lang='lat' dir='ltr'>mandat:</span> 
     </span>
     <span class='ocr_line' id='line_1_44' title="bbox 382 2680 1519 2737; baseline 0.001 -18"><span class='ocrx_word' id='word_1_247' title='bbox 382 2680 510 2727; x_wconf 84' lang='lat' dir='ltr'>„vade</span> <span class='ocrx_word' id='word_1_248' title='bbox 535 2695 630 2735; x_wconf 86' lang='lat' dir='ltr'>age,</span> <span class='ocrx_word' id='word_1_249' title='bbox 655 2687 767 2732; x_wconf 89' lang='lat' dir='ltr'>nate,</span> <span class='ocrx_word' id='word_1_250' title='bbox 791 2696 895 2723; x_wconf 87' lang='lat' dir='ltr'>voca</span> <span class='ocrx_word' id='word_1_251' title='bbox 918 2682 1119 2737; x_wconf 88' lang='lat' dir='ltr'>zephyros</span> <span class='ocrx_word' id='word_1_252' title='bbox 1144 2688 1184 2723; x_wconf 88' lang='lat' dir='ltr'>et</span> <span class='ocrx_word' id='word_1_253' title='bbox 1205 2681 1340 2723; x_wconf 89' lang='lat' dir='ltr'>labere</span> <span class='ocrx_word' id='word_1_254' title='bbox 1362 2680 1519 2735; x_wconf 86' lang='lat' dir='ltr'>pennis,</span> 
     </span>
     <span class='ocr_line' id='line_1_45' title="bbox 379 2738 1554 2797; baseline 0.001 -17"><span class='ocrx_word' id='word_1_255' title='bbox 379 2738 716 2795; x_wconf 85' lang='lat' dir='ltr'>Dardaniumque</span> <span class='ocrx_word' id='word_1_256' title='bbox 740 2743 903 2793; x_wconf 89' lang='lat' dir='ltr'>ducem,</span> <span class='ocrx_word' id='word_1_257' title='bbox 930 2743 1057 2797; x_wconf 87' lang='lat' dir='ltr'>Tyria</span> <span class='ocrx_word' id='word_1_258' title='bbox 1075 2742 1328 2797; x_wconf 85' lang='lat' dir='ltr'>Karthagine</span> <span class='ocrx_word' id='word_1_259' title='bbox 1353 2741 1423 2795; x_wconf 88' lang='lat' dir='ltr'>qui</span> <span class='ocrx_word' id='word_1_260' title='bbox 1445 2754 1554 2782; x_wconf 89' lang='lat' dir='ltr'>nunc</span> 
     </span>
    </p>
   </div>
  </div>
 </body>
</html>
