1794 3048
349 286 427 328 126
745 296 787 330 Ρ.
806 294 1036 332 VERGILII
1054 293 1276 331 MARONIS

346 396 539 451 abnegat,
565 396 806 450 inceptoque
830 402 869 436 et
893 395 1058 436 sedibus
1082 395 1222 435 haeret
1244 395 1286 435 in
1309 396 1450 437 isdem.

344 471 484 497 rursus
509 456 551 496 in
574 471 686 496 arma
708 455 816 496 feror
838 465 1091 509 mortemque
1115 456 1365 498 miserrimus
1389 463 1497 511 opto.

258 530 321 560 655
344 532 440 557 nam
463 516 573 569 quod
597 516 811 556 consilium
834 521 905 557 aut
927 530 1032 569 quae
1055 516 1137 557 iam
1160 515 1323 558 fortuna
1346 516 1541 558 dabatur?

256 830 320 861 660

255 1134 318 1164 665

256 1443 319 1473 670

255 1747 317 1777 675

255 2049 319 2081 680

255 2353 318 2384 685

257 2656 320 2687 690

346 590 488 627 „mene
513 576 655 617 efferre
677 576 843 631 pedem,
867 577 1046 631 genitor,
1071 583 1110 618 te
1132 591 1256 631 posse
1278 576 1419 618 relicto

345 636 534 691 sperasti,
560 642 798 690 tantumque
820 637 937 678 nefas
961 637 1091 691 patrio
1116 637 1265 678 excidit
1289 638 1382 679 ore?

344 697 379 738 si
401 697 501 737 nihil
525 711 575 738 ex
600 703 712 739 tanta
736 698 891 753 superis
915 698 1049 752 placet
1071 697 1171 740 urbe
1194 698 1380 751 relinqui,

343 764 383 798 et
407 757 521 799 sedet
543 757 621 799 hoc
644 758 797 808 animo,
821 758 1104 813 perituraeque
1127 759 1276 800 addere
1300 759 1447 800 Troiae

345 824 465 871 teque
489 824 662 872 tuosque
685 819 816 861 iuvat:
840 825 952 874 patet
974 819 1043 860 isti
1065 819 1187 861 ianua
1209 819 1301 869 leto,

341 878 504 932 iamque
528 879 655 920 aderit
679 879 806 921 multo
829 879 984 921 Priami
1007 880 1058 921 de
1082 880 1280 935 sanguine
1303 879 1500 934 PyrrhuS,

342 946 512 994 gnatum
535 946 628 982 ante
651 955 722 982 ora
744 941 889 995 patris,
912 947 1070 996 patrem
1094 941 1163 994 qui
1188 940 1401 982 obtruncat
1424 941 1478 982 ad
1502 957 1604 982 aras.

341 1000 419 1042 hoc
443 1006 545 1051 erat,
571 1001 678 1043 alma
699 1016 865 1056 parens,
890 1002 1000 1055 quod
1022 1016 1087 1042 me
1111 1016 1183 1056 per
1205 1001 1303 1051 tela,
1327 1016 1400 1056 per
1422 1002 1539 1057 ignes

343 1061 483 1116 eripis,
507 1068 554 1103 ut
575 1062 719 1104 mediis
743 1062 904 1104 hostem
927 1063 970 1103 in
991 1062 1284 1117 penetralibus,
1310 1069 1436 1116 utque

342 1120 569 1164 Ascanium
592 1129 828 1178 patremque
851 1138 989 1164 meum
1010 1123 1204 1176 iuxtaque
1229 1122 1430 1164 Creusam

343 1183 515 1225 alterum
537 1184 581 1225 in
603 1183 768 1226 alterius
791 1190 989 1226 mactatos
1014 1183 1212 1239 sanguine
1236 1184 1424 1225 cernam?

342 1259 472 1294 arma,
500 1244 591 1294 viri,
615 1244 717 1286 ferte
741 1260 872 1295 arma3
896 1250 1016 1286 vocat
1037 1244 1110 1285 lux
1132 1244 1276 1285 ultima
1297 1244 1440 1286 victos.

341 1306 496 1348 reddite
520 1321 585 1347 me
608 1306 785 1356 Danais3
812 1306 930 1348 sinite
952 1306 1176 1347 instaurata
1198 1305 1374 1346 revisam

341 1368 505 1422 proelia.
530 1382 753 1421 numquam
777 1382 917 1409 omnes
941 1367 1062 1408 hodie
1085 1367 1303 1408 moriemur
1325 1367 1483 1408 inulti.“

399 1429 511 1469 Hinc
534 1428 642 1469 ferro
665 1428 857 1483 accingor
878 1443 1019 1470 rursus
1044 1428 1255 1483 clipeoque
1280 1428 1487 1470 sinistram

342 1489 590 1532 insertabam
613 1494 757 1544 aptans
781 1504 927 1543 meque
951 1495 1065 1531 extra
1088 1495 1195 1531 tecta
1217 1488 1411 1531 ferebam.

343 1564 438 1592 ecce
462 1555 599 1591 autem
622 1550 820 1604 conplexa
842 1550 968 1605 pedes
992 1551 1036 1592 in
1057 1550 1196 1591 limine
1220 1550 1397 1591 coniunx

341 1610 533 1652 haerebat
556 1625 808 1665 parvumque
830 1612 936 1666 patri
958 1611 1151 1653 tendebat
1172 1610 1328 1652 Iulum:

345 1672 406 1723 „si
429 1672 631 1726 periturus
655 1671 763 1722 abis,
789 1678 829 1713 et
851 1687 926 1714 nos
949 1686 1046 1727 rape
1070 1672 1112 1722 in
1136 1671 1272 1713 omnia
1295 1677 1448 1721 tecum3

343 1733 407 1774 sin
430 1732 607 1786 aliquam
631 1739 822 1787 expertus
848 1733 1021 1788 sumptis
1046 1747 1161 1788 spem
1185 1732 1301 1787 ponis
1326 1732 1369 1772 in
1392 1732 1528 1782 armis,

342 1795 448 1835 hano
471 1794 648 1848 primum
672 1801 803 1836 tutare
826 1796 1006 1836 domum.
1032 1795 1098 1837 cui
1120 1809 1270 1849 parvus
1295 1793 1424 1843 Iulus,

343 1855 409 1896 cui
430 1861 546 1909 pater
569 1861 609 1896 et
632 1856 810 1896 coniunx
832 1856 1039 1909 quondam
1062 1862 1133 1896 tua
1155 1855 1263 1896 dicta
1285 1854 1544 1907 relinquor?“

399 1914 518 1955 Talia
541 1915 769 1956 vociferans
793 1916 949 1971 gemitu
973 1921 1125 1957 tectum
1149 1930 1267 1956 omne
1290 1914 1484 1969 replebat,

343 1990 436 2017 oum
461 1975 641 2016 subitum
664 1976 856 2029 dictuque
879 1976 1005 2018 oritur
1027 1976 1209 2017 mirabile
1234 1981 1472 2016 monstrum.

345 2050 520 2090 namque
545 2051 690 2078 manus
713 2036 818 2078 inter
840 2042 1168 2089 maestorumque
1192 2051 1263 2077 ora
1284 2041 1497 2090 parentum

342 2111 436 2138 ecce
459 2097 561 2138 levis
586 2111 745 2138 summo
769 2097 820 2138 de
843 2097 994 2138 vertice
1017 2097 1130 2138 visus
1154 2096 1236 2137 Iuli

341 2157 512 2199 fundere
535 2157 674 2199 lumen
696 2172 819 2213 apex,
844 2163 1035 2211 tactuque
1057 2157 1225 2199 innoxia
1246 2157 1380 2198 mollis
1488 2202 1490 2205 ,

341 2218 520 2260 lambere
543 2218 707 2260 flamma
729 2233 868 2260 comas
893 2224 933 2260 et
956 2218 1109 2260 circum
1131 2223 1314 2273 tempora
1335 2216 1462 2272 pasci.

343 2294 419 2321 nos
443 2279 581 2334 pavidi
605 2279 805 2334 trepidare
829 2285 940 2320 metu
964 2279 1197 2332 crinemque
1220 2278 1462 2333 fiagrantem

343 2346 533 2382 excutere
557 2345 597 2381 et
621 2346 784 2382 sanctos
807 2340 1061 2396 restinguere
1084 2339 1266 2381 fontibus
1290 2339 1419 2394 ignes.

342 2407 384 2442 at
406 2407 521 2456 pater
543 2399 749 2443 Anchises
774 2401 913 2443 oculos
938 2401 991 2442 ad
1015 2400 1149 2442 sidera
1170 2400 1302 2442 laetus

343 2462 486 2503 extulit
509 2467 549 2503 et
573 2462 684 2503 caelo
708 2462 866 2517 palmas
890 2476 984 2503 cum
1006 2475 1107 2503 voce
1131 2461 1318 2502 tetendit:

346 2523 556 2578 „Iuppiter
580 2523 854 2578 omnipotens,
878 2522 1067 2578 precibus
1092 2522 1128 2564 si
1149 2521 1322 2563 flecteris
1345 2519 1450 2568 ullis,

344 2583 481 2637 aspice
503 2598 578 2625 nos
601 2583 680 2625 hoc
703 2587 944 2640 tantum3et
967 2583 1003 2625 si
1023 2583 1174 2638 pietate
1198 2595 1410 2630 meremur,

344 2643 397 2684 da
420 2644 566 2685 deinde
589 2645 823 2700 augurium,
848 2650 980 2699 pater,
1006 2651 1127 2698 atque
1150 2644 1252 2686 haec
1274 2642 1410 2684 omina
1432 2641 1586 2682 firma.“

393 2703 476 2745 Vix
500 2718 548 2745 ea
571 2704 680 2746 fatus
705 2711 791 2747 erat
815 2706 965 2755 senior,
992 2704 1207 2758 subitoque
1230 2703 1391 2758 fragore
