1748 3048
381 321 448 350 XX
944 321 1153 347 PRAEFATIO

379 428 445 452 nes
464 420 575 462 atque
596 415 755 451 Servius.
770 416 784 462 fl
802 415 878 449 107.
898 412 1109 461 conplebant]
1130 413 1358 458 conplerant.
1373 414 1387 461 Ι]
1405 415 1480 450 184.
1493 416 1712 466 Mnesthique]

378 466 645 511 Mnestheique.
669 465 753 501 Vid.
773 466 803 507 §-
822 464 854 498 8.
871 464 884 509 ΙΙ
901 463 978 498 208.
997 462 1107 510 sudes]
1133 463 1271 498 trudes.
1319 463 1422 505 Quae
1446 469 1532 501 sunt
1554 466 1713 503 ferratae
1746 481 1748 483 ’

380 516 502 550 sudes.
517 517 531 562 Π
548 515 625 549 265.
638 512 832 561 Demoleus]
844 513 1057 547 Demoleos.
1096 512 1182 548 vid.
1196 513 1227 556 §-
1241 513 1272 547 7.
1288 514 1302 560 fl
1319 512 1396 548 274.
1410 514 1541 563 transit]
1555 517 1712 552 transiit.
1736 502 1748 549 .‘

377 565 462 600 vid.
470 565 729 599 Lachmannus
737 563 784 597 ad
793 563 902 596 Lucr.
910 573 946 606 p.
955 562 1032 596 209.
1048 561 1062 608 Η
1079 561 1157 596 326.
1165 562 1430 612 ambiyuumque]
1444 565 1714 611 ambiguumve.

377 614 475 648 Illud
501 623 700 657 componas
720 623 801 646 cum
821 610 895 646 Cic.
916 610 975 645 Or.
995 611 1027 645 4.
1045 612 1080 645 in
1098 612 1253 645 secundis
1276 613 1442 657 tertiisque
1459 616 1653 657 consistere,
1678 619 1716 651 et

379 663 463 698 Gaii
480 663 570 696 Inst.
589 662 619 706 1,
639 662 693 696 25.
711 662 743 696 si
758 662 832 707 quis
852 661 934 695 tiber
946 661 1213 706 pereqn'nusque
1225 662 1297 695 ert't.
1313 661 1327 708 ΙΙ
1343 662 1420 696 534.
1432 663 1585 712 honores]
1600 665 1714 700 hono·

375 722 461 746 rem.
478 712 491 759 1]
508 711 583 746 569.
592 709 748 759 delectus]
764 710 932 745 dilectus.
948 711 961 756 l]
978 708 1222 758 581.‹Ieductis]
1236 710 1406 746 diductis
1421 712 1436 758 Ι
1453 711 1606 761 649.(Ιυί]
1620 714 1713 760 quis.

388 762 401 807 l]
420 761 495 795 720.
509 759 633 808 animo]
653 759 822 795 animum.
839 760 852 806 ΙΙ
871 759 946 794 734.
960 758 1080 807 tristes]
1099 760 1281 795 tristesve.
1326 760 1424 795 Illud
1443 762 1715 806 oppositionem

374 810 484 854 facit3
509 821 593 844 nam
617 810 769 845 umbrae
793 821 868 844 non
893 809 1032 844 habere
1057 809 1216 855 aliquem
1242 809 1424 846 dicuntur.
1443 811 1457 857 ΙΙ
1481 812 1557 847 768.
1579 812 1712 861 nomen]

374 870 520 906 numen.
542 860 555 906 fl
579 860 654 894 796.
675 858 785 907 libeat]
804 858 925 894 liceat.
950 858 1036 894 vid.
1054 860 1084 902 §.
1103 859 1135 894 7.
1156 859 1170 904 l]
1193 859 1270 894 836.
1290 860 1465 909 laxabant]
1484 861 1662 898 laxarent.
1683 864 1698 910 fl

373 909 450 943 860.
465 921 544 943 voce
570 920 631 943 sae
661 919 693 943 e.

439 958 523 993 Lib.
535 908 601 1002 llll,
614 920 669 992 210.
682 956 868 1005 Andr-oqez']
887 957 1101 1003 Androgeo.
1119 957 1204 994 Vid.
1224 959 1255 1001 §.
1275 959 1305 993 7.
1321 958 1335 1005 ΙΙ
1354 958 1430 994 144.
1443 960 1572 1008 similis]
1594 961 1712 997 simili.

375 1007 509 1042 Similis
522 1007 619 1043 enim
631 1018 720 1042 auro
735 1011 829 1051 erat,
855 1018 929 1042 non
944 1007 1052 1042 simili
1069 1018 1171 1043 auro.
1186 1009 1200 1055 l]
1219 1008 1294 1043 160.
1307 1008 1472 1057 serebant]
1486 1010 1667 1046 ferebant.
1683 1012 1696 1059 ι]

373 1058 450 1092 193.
458 1056 628 1105 αάφιουίι]
637 1057 844 1102 adgnoscit.
860 1058 873 1103 ss
891 1058 968 1092 200.
975 1057 1176 1106 sequentem]
1186 1062 1414 1104 sequentum.
1426 1059 1511 1095 Vid.
1520 1062 1550 1104 ἓ.
1559 1061 1590 1095 7.
1597 1061 1712 1097 Inter-

373 1107 525 1152 puuctio
544 1111 602 1145 est
620 1107 789 1143 Medicei.
804 1108 819 1154 fl
836 1107 912 1143 254.
931 1108 1108 1157 superque]
1129 1121 1249 1155 super.
1267 1110 1352 1146 vid.
1378 1113 1408 1155 ἓ.
1423 1111 1454 1146 7.
1470 1112 1483 1158 ΙΙ
1499 1112 1576 1147 332.
1596 1114 1712 1163 animi]

374 1157 505 1192 animo.
548 1156 610 1192 Sic
622 1156 720 1192 infra
731 1157 780 1201 X,
794 1157 870 1192 685.
885 1158 899 1204 1]
915 1158 992 1193 348.
1006 1158 1217 1208 Anchisiade]
1234 1158 1473 1197 Anchisiada.
1493 1161 1578 1198 vid.
1592 1164 1622 1206 ξ.
1636 1163 1667 1198 7.
1683 1165 1696 1210 ss

372 1207 450 1242 352.
468 1205 577 1255 illum]
594 1207 720 1243 ullum.
767 1206 877 1249 Quod
901 1208 960 1242 vix
983 1209 1071 1244 licet
1095 1209 1319 1255 coniungere
1345 1221 1426 1246 cum
1450 1217 1588 1246 tantum.
1605 1213 1617 1258 ΙΙ
1634 1212 1711 1248 433.

373 1255 562 1304 consilium]
581 1256 786 1293 concilium.
804 1257 889 1293 vid.
904 1259 934 1301 ξ.
947 1259 979 1293 8.
995 1259 1008 1304 ΙΙ
1025 1258 1104 1294 436.
1123 1258 1220 1308 quas]
1235 1271 1356 1306 quam.
1380 1260 1548 1296 Revocat
1570 1262 1662 1297 illud
1674 1264 1712 1298 in

371 1310 530 1341 mentem
538 1306 690 1342 Homeri
696 1306 800 1342 τέτλα
806 1308 845 1341 θι
853 1306 906 1352 δή,
915 1307 1040 1355 κραδίη
1046 1313 1084 1344 et
1093 1309 1170 1343 sim.
1185 1310 1199 1356 ΙΙ
1213 1309 1291 1345 455.
1299 1310 1432 1359 dimisit]
1441 1312 1598 1347 demisit.
1607 1313 1622 1357 ss
1633 1312 1711 1348 475.

373 1354 567 1405 concussus]
580 1368 788 1401 percussus.
803 1358 818 1403 fl
834 1356 912 1391 495.
922 1359 1000 1392 vidit
1014 1358 1176 1407 lacerum]
1191 1360 1291 1394 videt
1304 1364 1341 1394 et
1354 1361 1526 1396 lacerum.
1541 1362 1555 1409 ΙΙ
1572 1362 1649 1398 498.
1658 1363 1711 1411 ac]

374 1409 421 1440 et.
437 1406 450 1452 fl
467 1405 543 1441 505.
558 1406 662 1441 omisi
673 1407 720 1450 in,
734 1408 834 1453 quod
848 1411 928 1442 erat
940 1411 1026 1443 ante
1041 1410 1150 1444 litore.
1173 1409 1258 1445 Vid.
1273 1410 1533 1452 Lachmannus
1546 1413 1593 1447 ad
1601 1413 1712 1448 Lucr.

372 1466 408 1499 p.
427 1455 504 1490 160.
520 1456 533 1501 Ι]
550 1456 626 1490 617.
646 1455 804 1504 destricti]
825 1457 992 1492 districti.
1008 1458 1022 1504 ss
1039 1458 1115 1493 651.
1134 1458 1313 1508 mirantur]
1331 1459 1492 1495 miratur.
1513 1462 1527 1508 Ι]
1551 1462 1628 1497 664.
1647 1465 1710 1498 ali-

373 1503 469 1552 quos]
482 1505 587 1540 alios.
603 1506 616 1552 ΙΙ
635 1505 710 1540 774.
723 1506 815 1541 Post
832 1507 930 1541 hunc
943 1518 1087 1541 versum
1108 1508 1170 1553 qui
1181 1509 1392 1554 legebatur,
1418 1511 1519 1545 laude
1533 1513 1712 1556 pudicitiae

372 1555 521 1597 celebm’s,
534 1556 720 1600 addentque
731 1557 902 1600 superbos,
917 1567 940 1591 a
957 1557 1131 1591 Fabricio
1144 1557 1413 1604 Lampugnano
1425 1559 1551 1595 illatus
1567 1561 1711 1597 dicitur.

388 1603 401 1648 ΙΙ
416 1604 492 1638 819.
500 1604 662 1652 primum]
675 1605 823 1649 primus.

437 1652 521 1687 Lib.
533 1652 619 1697 VII,
637 1653 670 1687 4.
684 1653 830 1702 siquam]
851 1654 984 1700 signat.
1001 1656 1013 1701 ΙΙ
1032 1657 1107 1691 182.
1120 1657 1252 1692 Martia
1270 1656 1339 1706 quz']
1352 1657 1570 1705 Martiaque.
1616 1661 1711 1697 Nam

373 1703 418 1738 de
437 1702 588 1748 regibus
608 1702 696 1737 solis
717 1715 835 1738 sermo
849 1709 916 1739 est.
939 1705 952 1751 ΙΙ
975 1705 1052 1740 208.
1070 1706 1224 1755 Samum]
1243 1706 1390 1743 Samon.
1435 1708 1626 1745 Mediceus
1644 1713 1711 1746 Sa-

371 1764 477 1793 mom,
501 1752 704 1787 Vaticanus
723 1755 876 1788 Samum.
894 1754 979 1790 vid.
1001 1756 1032 1799 ξ.
1051 1755 1084 1790 7.
1105 1755 1119 1802 ΙΙ
1140 1755 1218 1790 211.
1238 1756 1349 1805 auqet]
1366 1757 1481 1793 addit.
1535 1759 1640 1801 Quod
1658 1761 1710 1796 lo·

373 1813 454 1836 cum
466 1813 542 1836 non
553 1802 683 1850 babet,
704 1802 775 1837 nisi
789 1814 808 1838 e
824 1803 995 1839 Gudiano
1009 1817 1148 1840 numero
1162 1805 1370 1851 scripseris:
1394 1819 1504 1853 quam
1515 1809 1712 1846 lectionem

372 1851 442 1885 etsi
453 1861 528 1885 non
540 1851 821 1896 improbaverim
831 1879 840 1897 ,
858 1853 1023 1898 recipere
1037 1858 1160 1890 tamen
1172 1867 1246 1890 non
1259 1867 1373 1891 ausus
1387 1869 1477 1892 sum.
1492 1858 1505 1904 l]
1523 1859 1599 1894 232.
1613 1862 1711 1894 tanti-

373 1899 447 1948 que]
465 1901 616 1936 tantive.
632 1901 647 1947 fl
662 1900 740 1935 412.
760 1901 881 1949 manet]
900 1906 1012 1937 tenet.
1030 1904 1042 1949 ΙΙ
1059 1904 1137 1939 430.
1155 1904 1242 1953 iube]
1260 1917 1361 1950 para.
1376 1907 1391 1953 fl
1407 1906 1485 1941 444.
1501 1908 1630 1956 yerent]
1648 1920 1711 1954 ge-

372 1953 466 1984 rant.
481 1949 494 1996 ΙΙ
510 1949 588 1985 458.
607 1951 662 1984 illi
677 1951 794 1996 inqens
811 1963 962 1986 somnum
991 1953 1056 1987 olli
1076 1964 1240 1988 somnum
1259 1955 1402 2000 ingens.
1417 1956 1432 2002 1]
1448 1956 1525 1991 485.
1546 1958 1711 2002 Tyrrhus-

373 1998 447 2047 que]
470 1999 743 2046 Tyrrheusque.
764 2001 778 2047 ll
799 1999 877 2036 486.
903 2003 962 2036 latt
994 2003 1080 2037 late.
1101 2003 1115 2049 fl
1138 2003 1215 2038 505.
1234 2003 1298 2052 illi]
1318 2004 1393 2040 olli.
1413 2006 1428 2052 ss
1449 2005 1526 2042 508.
1548 2008 1709 2057 Tyrrhus]

373 2049 575 2095 Tyn-heus.
622 2049 678 2085 cf.
691 2062 725 2086 v.
736 2051 814 2086 485.
851 2050 912 2086 sie
925 2055 963 2086 et
980 2064 1012 2087 v.
1024 2052 1101 2087 532.
1117 2054 1131 2099 ΙΙ
1147 2053 1223 2088 514.
1242 2054 1397 2103 incendit]
1417 2055 1586 2092 intendit.
1602 2059 1616 2104 Π
1633 2059 1710 2094 528.

367 2098 486 2147 ponto]
500 2102 622 2134 vento.
639 2101 652 2147 Ι]
669 2099 746 2136 543.
761 2101 922 2150 convexa]
942 2106 1131 2138 convecta.
1178 2103 1414 2150 Participium
1430 2105 1523 2141 illud
1536 2118 1619 2143 esse
1631 2108 1710 2143 Mu-

373 2148 500 2183 sonius
522 2149 661 2194 primus
686 2151 895 2197 suspicatus
918 2156 986 2187 est.
1002 2154 1014 2198 ΙΙ
1033 2152 1109 2188 642.
1134 2152 1244 2201 acciti]
1269 2153 1388 2189 exciti.
1403 2155 1418 2202 ΙΙ
1435 2155 1511 2190 652.
1529 2157 1709 2205 Aqullina]

371 2197 560 2244 Agyllina.
606 2200 704 2235 Illud
718 2212 798 2236 cum
811 2201 979 2236 Heinsio.
995 2203 1008 2248 fl
1027 2202 1102 2237 722.
1117 2203 1310 2251 conterrita]
1323 2205 1445 2239 tremit
1456 2206 1586 2241 excita.
1601 2207 1616 2253 fl]
1634 2207 1710 2242 737.

372 2247 511 2297 tenebat]
534 2250 736 2294 premebat.
758 2252 772 2297 fl
797 2251 871 2286 757.
895 2253 931 2286 in
954 2251 1103 2300 volnere]
1128 2252 1166 2288 in
1192 2254 1354 2289 volnera.
1401 2253 1496 2290 Nam
1522 2259 1649 2291 cantus
1673 2261 1712 2293 et

371 2298 509 2333 herbae
520 2298 559 2333 in
571 2300 720 2335 volnere
734 2300 858 2336 iuvare
871 2305 1046 2347 possunt,
1060 2303 1185 2337 nonin
1198 2304 1362 2338 volnera.

437 2348 522 2384 Lib.
539 2349 643 2394 VIII,
661 2349 717 2385 46.
736 2351 840 2385 uncis
859 2351 1005 2387 inclusi.
1052 2353 1160 2394 Quod
1180 2354 1346 2399 sequitur
1363 2366 1404 2389 ex
1416 2367 1482 2400 quo
1501 2367 1533 2389 v.
1545 2354 1602 2400 47,
1615 2355 1709 2392 refe-

370 2399 524 2434 rendum
538 2400 585 2434 ad
597 2402 672 2435 solo
684 2411 719 2435 v.
730 2400 786 2435 45.
802 2402 816 2448 1]
834 2402 910 2436 108.
918 2401 1048 2451 tacitos]
1060 2403 1194 2438 tacitis.
1210 2404 1223 2450 ΙΙ
1240 2404 1318 2438 246.
1326 2404 1710 2452 trepidantJtrepident-

372 2459 455 2493 que.
512 2448 612 2484 Illud
634 2450 835 2486 Homerica
857 2451 895 2486 in
919 2453 1257 2497 comparationibus
1283 2454 1568 2498 consuetudine,
1599 2466 1708 2500 quam

370 2498 536 2543 Vergilio
555 2499 720 2545 ignotam
739 2500 840 2535 haud
858 2501 972 2536 fuisse
993 2502 1103 2538 docet
1115 2503 1325 2549 Wagncrus
1343 2504 1392 2538 ad
1406 2502 1451 2538 A.
1464 2504 1494 2547 Ι,
1508 2504 1584 2538 150.
1599 2504 1614 2550 ΙΙ
1629 2504 1707 2539 420.

371 2547 522 2596 qemitus]
535 2549 719 2594 gemitum.
735 2550 748 2596 Ι]
765 2550 842 2585 582.
855 2551 1050 2600 conplexus]
1066 2553 1268 2598 complexu.
1283 2554 1297 2600 Ι]
1315 2552 1505 2601 701.divae]
1518 2552 1644 2589 Dirae.
1652 2553 1708 2589 Cf.

372 2596 416 2630 A.
429 2596 478 2640 11,
492 2598 568 2631 621.
617 2598 765 2634 Servius
779 2611 867 2635 sane
880 2601 990 2636 Dirae
1001 2602 1138 2647 legisse
1151 2602 1307 2637 videtur.

439 2646 521 2680 Lib.
540 2648 663 2692 V1111,
682 2649 735 2683 17.
759 2648 801 2697 et]
826 2661 881 2685 ac.
902 2651 916 2697 ss
938 2651 993 2686 21.
1010 2651 1147 2700 sequar]
1167 2652 1336 2698 aequm-,fl
1353 2652 1407 2687 28.
1421 2651 1493 2693 Qui
1508 2652 1707 2697 posthunc

372 2707 516 2731 versum
535 2696 746 2742 legebatur,
771 2701 910 2734 vertitur
927 2712 1026 2735 arma
1045 2708 1157 2737 tenens
1172 2709 1203 2738 et
1221 2708 1289 2737 toto
1312 2703 1433 2736 vertice
1450 2713 1557 2747 supra
1573 2708 1637 2744 est,
1662 2713 1705 2737 cx

372 2745 456 2790 VII,
471 2745 536 2781 784
547 2746 683 2791 illatus,
699 2748 804 2783 deest
815 2749 853 2784 in
866 2749 966 2785 libris
978 2751 1312 2795 praestantissimis.
1327 2752 1341 2798 ΙΙ
1358 2751 1412 2786 53.
1425 2750 1619 2799 clamorem]
1633 2752 1703 2787 cla-
