1794 3048
292 497 356 528 460

294 801 356 831 465

294 1105 359 1134 470

296 1410 360 1439 475

298 1713 362 1743 480

298 2018 362 2048 485

299 2322 362 2352 490

300 2625 362 2655 405

381 311 463 354 202
781 318 822 351 Ρ.
842 315 1072 352 VERGILII
1089 315 1314 354 MARONIS

380 437 453 477 per
477 434 644 475 superos
668 424 708 460 et
734 418 768 459 si
792 431 873 471 qua
896 417 997 458 fides
1022 417 1163 459 tellure
1188 417 1264 460 sub
1287 418 1370 461 ima
1392 426 1466 471 est,

380 482 550 531 invitus,
576 480 734 535 regina,
760 484 830 520 tuo
853 478 905 520 de
927 478 1043 520 litore
1067 479 1185 520 cessi.

381 543 454 585 sed
476 555 543 583 me
566 541 679 582 iussa
702 540 842 590 deum,
867 553 972 594 quae
995 553 1104 581 nunc
1126 539 1201 582 has
1224 540 1282 582 ire
1305 555 1379 596 per
1400 542 1578 594 umbras,

379 618 452 659 per
474 603 565 644 loca
589 606 705 643 senta
729 600 809 643 situ
832 606 985 656 cogunt
1007 606 1248 655 noctemque
1271 602 1528 657 profundam,

379 663 559 719 imperiis
584 676 704 718 egere
729 661 813 703 suis
821 677 832 712 3
856 676 933 703 nec
956 662 1118 703 credere
1142 662 1254 716 quivi

380 726 488 769 hunc
512 730 669 766 tantum
693 723 767 765 tibi
789 737 855 765 me
878 723 1064 765 discessu
1086 723 1192 765 ferre
1216 724 1408 766 dolorem.

382 786 480 828 siste
503 785 694 842 gradum,
720 790 840 838 teque
865 790 1032 839 aspectu
1055 798 1107 826 ne
1131 784 1323 827 subtrahe
1347 792 1497 828 nostro.

381 862 503 901 quem
526 846 663 902 fugis?
686 851 913 886 extremum
937 845 1041 896 fato,
1073 846 1184 899 quod
1207 851 1246 887 te
1269 847 1485 901 adloquor,
1515 847 1594 889 hoc
1618 850 1717 889 est.“

381 908 530 950 talibus
554 907 720 948 Aeneas
746 907 955 948 ardentem
979 913 1020 948 et
1042 913 1158 949 torva
1181 914 1361 950 tuentem

381 968 534 1011 lenibat
557 968 675 1010 dictis
700 968 900 1018 animum,
925 968 1196 1022 lacrimasque
1220 968 1364 1012 ciebat.

382 1030 452 1072 illa
475 1029 563 1072 solo
585 1029 690 1070 fixos
715 1029 854 1070 oculos
879 1044 1023 1071 aversa
1046 1029 1220 1080 tenebat,

383 1105 459 1132 nec
482 1090 615 1146 magis
638 1090 802 1145 incepto
826 1090 983 1132 voltum
1007 1105 1193 1132 sermone
1217 1097 1414 1142 movetur,

382 1167 506 1207 quam
531 1152 565 1192 si
589 1151 690 1193 dura
714 1151 816 1192 silex
839 1157 910 1192 aut
933 1157 1012 1193 stet
1034 1151 1245 1207 Marpesia
1269 1158 1421 1195 cautes.

383 1213 547 1254 tandem
571 1212 764 1267 corripuit
787 1226 877 1254 sese
902 1218 1022 1266 atque
1046 1213 1210 1255 inimica
1232 1213 1385 1270 refugit

382 1275 426 1315 in
447 1289 592 1315 nemus
615 1273 901 1323 umbriferum,
926 1274 1104 1315 coniunx
1126 1274 1197 1315 ubi
1219 1275 1414 1329 pristinus
1437 1275 1495 1316 illi

383 1335 601 1390 respondet
625 1335 731 1376 curis
756 1340 983 1388 aequatque
1009 1333 1222 1389 Sychaeus
1247 1350 1439 1377 amorem.

383 1411 460 1437 nec
482 1396 617 1437 minus
642 1394 825 1445 Aeneas,
851 1409 950 1436 casu
973 1409 1198 1437 concussus
1220 1396 1373 1450 iniquo,

384 1457 643 1512 prosequitur
664 1456 880 1497 lacrimans
904 1456 1026 1512 longe
1051 1462 1091 1498 et
1113 1457 1329 1499 miseratur
1351 1463 1525 1499 euntem.

440 1517 544 1559 Inde
567 1517 708 1558 datum
732 1517 895 1558 molitur
916 1517 1004 1559 iter.
1029 1517 1192 1571 iamque
1216 1533 1314 1559 arva
1336 1518 1528 1560 tenebant

385 1578 545 1628 ultima,
570 1593 675 1632 quae
699 1578 806 1620 bello
831 1578 928 1619 clari
952 1584 1108 1620 secreta
1130 1578 1400 1633 frequentant.

385 1639 452 1680 hic
475 1639 533 1680 illi
557 1639 730 1681 occurrit
753 1638 941 1694 Tydeus,
971 1639 1039 1680 hic
1061 1639 1238 1681 inclutus
1262 1640 1385 1681 armis

386 1700 721 1756 Parthenopaeus
746 1706 786 1741 et
807 1699 980 1742 Adrasti
1000 1700 1189 1756 pallentis
1212 1700 1362 1756 imago,

386 1761 453 1802 hic
476 1761 650 1802 multum
673 1761 757 1802 fleti
780 1762 833 1803 ad
857 1776 1027 1816 superos
1052 1761 1238 1816 belloque
1262 1761 1404 1802 caduci

385 1822 668 1872 Dardanidae,
694 1837 797 1876 quos
821 1823 888 1864 ille
912 1837 1053 1864 omnes
1077 1822 1201 1878 longo
1225 1823 1365 1864 ordine
1390 1837 1558 1864 cernens

385 1883 601 1938 ingemuit,
628 1881 913 1937 Glaucumque
935 1883 1215 1937 Medontaque
1239 1883 1644 1937 Thersilochumque,

386 1944 457 1985 tris
481 1942 757 1985 Antenoridas
783 1943 1005 1997 Cererique
1029 1958 1190 1985 sacrum
1211 1943 1495 1999 Polyphoeten

387 2004 657 2058 Idaeumque,
683 2004 806 2045 etiam
829 2019 991 2054 currus,
1016 2004 1139 2046 etiam
1162 2019 1275 2046 arma
1296 2010 1511 2046 tenentem.

386 2065 650 2106 circumstant
673 2065 832 2106 animae
856 2066 1000 2107 dextra
1021 2065 1219 2119 laevaque
1242 2065 1489 2119 frequentes.

386 2141 461 2168 nec
484 2127 637 2169 vidisse
661 2127 788 2169 semel
811 2127 912 2170 satis
936 2133 1017 2178 est3
1041 2127 1154 2169 iuvat
1175 2142 1307 2182 usque
1331 2128 1479 2169 morari

387 2193 426 2229 et
450 2187 632 2230 conferre
655 2188 829 2244 gradum
851 2194 894 2229 et
914 2188 1112 2229 veniendi
1126 2189 1281 2230 discere
1305 2202 1485 2230 caussas.

387 2254 428 2289 at
449 2247 643 2290 Danaum
665 2263 853 2303 proceres
876 2247 1312 2304 Agamemnoniaeque
1334 2249 1560 2305 phalanges

388 2315 432 2349 ut
454 2309 591 2350 videre
613 2309 747 2350 virum
769 2309 1048 2365 fulgentiaque
1071 2325 1184 2351 arma
1205 2323 1279 2365 per
1300 2309 1479 2360 umbras,

386 2370 543 2426 ingenti
565 2370 766 2425 trepidare
789 2377 901 2412 metu
908 2387 919 2421 ς
943 2385 1038 2426 pars
1061 2376 1218 2412 vertere
1241 2377 1369 2426 terga,

387 2445 463 2472 ceu
486 2432 694 2485 quondam
715 2431 868 2487 petiere
891 2437 1018 2482 rates,
1042 2445 1138 2486 pars
1162 2431 1301 2473 tollere
1324 2445 1467 2472 vocem

388 2492 596 2547 exiguam:
621 2492 806 2547 inceptus
831 2493 983 2534 clamor
1005 2493 1223 2534 frustratur
1245 2492 1407 2534 hiantis.

444 2551 583 2606 Atque
606 2553 673 2594 hic
695 2553 932 2595 Priamiden
953 2554 1149 2595 laniatum
1172 2567 1340 2608 corpore
1363 2557 1446 2594 toto

388 2613 653 2668 Deiphobum
675 2614 794 2664 vidit,
818 2614 998 2656 lacerum
1022 2615 1236 2655 crudeliter
1258 2628 1340 2663 ora,

389 2688 460 2715 ora
482 2688 708 2728 manusque
732 2675 893 2725 ambas,
917 2675 1191 2730 populataque
1215 2680 1396 2728 tempora
1418 2673 1543 2728 raptis

390 2733 555 2776 auribus
580 2740 620 2776 et
643 2741 806 2778 truncas
829 2736 1043 2778 inhonesto
1066 2736 1229 2777 volnere
1251 2735 1372 2776 naris.
