1780 3074
559 320 858 359 GEORGICON
877 320 975 357 LIB.
993 320 1059 357 IV.
1084 322 1088 324 ’

123 430 182 472 ire
205 429 283 470 iter
306 434 378 470 aut
401 427 547 470 castris
571 425 741 468 audebit
763 424 916 467 vellere
941 424 1074 481 signa.

122 491 298 534 invitent
322 490 479 533 croceis
503 489 692 532 halantes
716 487 888 531 floribus
912 487 1022 530 horti

123 561 165 596 et
188 560 329 596 custos
354 553 494 595 furum
517 559 643 607 atque
666 551 808 593 avium
832 565 927 593 cum
951 550 1059 592 falce
1084 549 1247 606 saligna

124 615 453 671 Hellespontiaci
477 620 613 657 servet
637 613 767 656 tutela
787 613 945 669 Priapi.

122 678 211 734 ipse
237 678 427 734 thymum
449 677 653 734 pinosque
677 675 815 718 ferens
840 676 893 717 de
916 673 1127 717 montibus
1152 674 1247 717 altis

124 747 232 783 tecta
256 747 367 783 serat
390 740 472 782 late
496 739 671 788 circum,
697 738 766 780 cui
789 737 888 780 talia
911 751 1053 788 curae3

123 805 213 860 ipse
236 803 378 846 labore
403 818 573 845 manum
596 802 701 843 duro
725 807 848 851 terat,
873 801 965 856 ipse
989 800 1140 842 feracis

124 867 224 923 figat
247 866 374 917 humo
398 866 560 922 plantas
585 870 627 906 et
650 863 806 906 amicos
829 863 982 920 inriget
1003 863 1161 905 imbris.

180 928 323 982 Atque
348 927 561 982 equidem,
587 932 772 968 extremo
796 925 840 967 ni
862 925 947 967 iam
971 925 1049 968 sub
1074 925 1155 967 fine
1180 925 1367 968 laborum

125 991 216 1033 vela
239 989 400 1032 traham
424 996 464 1032 et
487 989 606 1031 terris
631 988 825 1031 festinem
848 988 1062 1030 advertere
1085 1003 1264 1044 proram,

124 1052 298 1094 forsitan
322 1058 380 1102 et,
406 1051 573 1108 pinguis
597 1050 738 1092 hortos
763 1064 870 1104 quae
895 1064 994 1092 cura
1018 1050 1181 1092 colendi

123 1121 303 1164 ornaret,
330 1128 540 1164 canerem,
565 1112 770 1167 biferique
794 1112 953 1154 rosaria
975 1111 1132 1163 Paesti,

123 1190 288 1231 quoque
313 1175 436 1217 modo
459 1175 569 1231 potis
593 1174 825 1231 gauderent
847 1173 979 1216 intiba
1001 1174 1115 1225 rivis,

124 1245 166 1281 et
188 1238 340 1280 virides
364 1238 461 1294 apio
483 1237 617 1293 ripae,
643 1242 858 1290 tortusque
881 1250 957 1292 per
978 1235 1152 1278 herbam

125 1307 327 1343 cresceret
349 1301 393 1342 in
415 1306 603 1342 ventrem
627 1299 835 1351 cucumis3
858 1314 937 1342 nec
961 1314 1054 1342 sera
1078 1306 1313 1342 comantem

126 1362 355 1405 narcissum
378 1368 450 1404 aut
471 1362 570 1404 flexi
593 1362 818 1404 tacuissem
841 1361 982 1404 vimen
1005 1362 1172 1404 acanthi

124 1424 399 1481 pallentisque
422 1423 597 1466 hederas
622 1429 663 1466 et
686 1423 863 1466 amantis
886 1423 1008 1466 litora
1030 1430 1201 1480 myrtos.

125 1501 304 1541 namque
329 1485 407 1528 sub
434 1484 637 1529 Oebaliae
660 1485 830 1527 memini
853 1500 920 1527 me
944 1486 1126 1532 turribus
1151 1486 1258 1537 altis,

125 1563 209 1603 qua
231 1548 350 1605 niger
373 1547 585 1590 humectat
607 1547 803 1589 flaventia
827 1547 939 1590 culta
963 1546 1185 1599 Galaesus,

127 1610 353 1666 Corycium
375 1610 531 1652 vidisse
556 1624 718 1660 senem,
744 1609 812 1651 cui
834 1624 971 1666 pauca
992 1610 1126 1652 relicti

125 1673 270 1729 iugera
291 1672 399 1715 ruris
423 1678 558 1723 erant,
582 1687 661 1714 nec
685 1672 832 1714 fertilis
856 1673 928 1715 illa
950 1673 1151 1724 iuvencis,

125 1749 202 1776 nec
225 1734 366 1790 pecori
389 1741 621 1790 opportuna
646 1749 787 1791 seges,
811 1750 890 1777 nec
914 1736 1133 1778 commoda
1155 1736 1338 1778 Baccho.

125 1798 194 1839 hic
219 1812 357 1839 rarum
382 1803 522 1839 tamen
545 1798 588 1839 in
612 1797 749 1839 dumis
775 1797 866 1840 olus
891 1797 1068 1853 albaque
1095 1798 1251 1840 circum

126 1859 212 1902 lilia
236 1860 522 1915 verbenasque
545 1875 738 1916 premens
762 1875 1018 1916 vescumque
1041 1876 1237 1917 papaver,

125 1937 273 1979 regum
297 1923 502 1977 aequabat
525 1938 626 1979 opes
651 1923 799 1966 animis
824 1938 999 1979 seraque
1022 1930 1234 1966 revertens

126 1992 247 2027 nocte
272 1985 441 2027 domum
465 1985 643 2041 dapibus
667 2001 834 2028 mensas
858 1985 1057 2028 onerabat
1079 1986 1288 2042 inemptis.

125 2047 284 2103 primus
310 2062 406 2089 vere
430 2063 569 2090 rosam
592 2054 718 2102 atque
741 2055 941 2091 autumno
966 2063 1134 2105 carpere
1157 2064 1295 2105 poma,

128 2116 170 2152 et
192 2124 287 2152 cum
311 2110 439 2153 tristis
463 2110 597 2153 hiems
622 2111 849 2153 etiamnum
872 2111 1028 2168 frigore
1053 2127 1155 2154 saxa

127 2178 336 2228 rumperet
358 2178 400 2214 et
422 2172 554 2229 glacie
579 2187 726 2216 cursus
750 2173 931 2216 frenaret
955 2189 1170 2229 aquarum,

128 2233 196 2276 ille
220 2248 383 2276 comam
405 2235 542 2277 mollis
566 2235 650 2277 iam
674 2241 764 2277 tum
787 2235 986 2278 tondebat
1009 2236 1187 2287 acanthi,

129 2302 328 2338 aestatem
350 2296 602 2352 increpitans
627 2312 763 2339 seram
786 2298 1078 2354 zephyrosque
1101 2305 1325 2341 morantes.

130 2373 230 2414 ergo
254 2357 401 2413 apibus
425 2358 522 2401 fetis
544 2359 656 2401 idem
680 2365 804 2414 atque
828 2361 1017 2403 examine
1041 2361 1173 2404 multo

129 2420 288 2476 primus
313 2419 523 2463 abundare
547 2427 588 2463 et
611 2422 847 2477 spumantia
871 2437 1020 2479 cogere
1043 2423 1201 2478 pressis

131 2481 254 2523 mella
277 2481 405 2533 favis3
429 2482 489 2524 illi
512 2482 601 2524 tilia
623 2489 748 2537 atque
770 2483 978 2526 uberrima
1000 2485 1144 2540 pinus;

131 2550 314 2599 quotque
337 2544 380 2586 in
404 2544 503 2587 flore
527 2559 636 2587 novo
659 2545 796 2600 pomis
821 2560 867 2587 se
890 2545 1037 2588 fertilis
1062 2546 1184 2589 arbos

134 2606 342 2657 induerat,
367 2607 540 2649 totidem
563 2612 763 2649 autumno
786 2613 948 2650 matura
971 2608 1150 2651 tenebat.

133 2667 200 2709 ille
225 2668 349 2710 etiam
373 2683 486 2711 seras
509 2669 554 2710 in
576 2683 745 2712 versum
768 2669 927 2712 distulit
949 2670 1099 2722 ulmos,

135 2729 388 2786 eduramque
410 2731 548 2787 pirum
571 2737 613 2773 et
636 2731 777 2787 spinos
802 2731 885 2773 iam
909 2747 1042 2788 pruna
1066 2733 1235 2776 ferentis

137 2789 299 2846 iamque
322 2793 622 2836 ministrantem
645 2793 858 2849 platanum
882 2795 1119 2850 potantibus
1145 2795 1325 2838 umbras.

1518 558 1583 590 110

1522 875 1585 904 115

1522 1186 1585 1216 120

1522 1498 1585 1530 125

1524 1810 1587 1841 130

1525 2125 1588 2155 135

1525 2434 1589 2465 140

1525 2747 1586 2778 145
