1780 3074
609 299 867 339 AENEIDOS
885 299 984 336 LIB.
1002 300 1052 335 11.

151 408 386 466 persolvant
408 412 547 464 grates
572 405 720 462 dignas
746 411 787 448 et
808 404 993 461 praemia
1014 402 1190 445 reddant

151 471 308 522 debita,
333 470 406 526 qui
427 469 515 512 nati
538 483 678 511 coram
702 482 769 510 me
792 481 960 511 cernere
982 466 1112 508 letum

150 533 287 576 fecisti
310 538 351 575 et
372 532 528 588 patrios
552 530 732 573 foedasti
755 529 902 571 funere
923 528 1075 571 voltus.

151 602 194 638 at
216 610 301 638 non
322 594 410 646 ille,
436 599 573 636 satum
596 607 680 647 quo
704 598 745 634 te
767 590 973 641 mentiris,
997 589 1186 632 Achilles

152 657 244 700 talis
267 657 312 699 in
334 657 452 699 hoste
475 655 556 698 fuit
577 654 766 706 Priam03
792 654 866 697 sed
888 653 979 695 iura
1000 652 1210 706 fidemque

153 718 349 775 supplicis
375 717 556 768 erubuit,
581 730 814 772 corpusque
838 729 1052 772 exsangue
1077 713 1295 770 sepulchro

151 781 329 823 reddidit
351 780 626 829 Hectoreum,
650 793 800 832 meque
823 778 868 819 in
890 791 984 819 mea
1006 791 1136 833 regna
1158 775 1356 818 remisit.“

154 844 214 885 sic
236 843 348 885 fatus
373 842 526 892 senior,
552 840 762 894 telumque
786 839 938 882 inbelle
962 839 1051 881 sine
1074 839 1160 880 ictu

154 905 345 955 coniecit,
368 917 494 946 rauco
518 902 631 957 quod
652 901 839 958 protinus
870 916 964 943 aere
987 900 1202 956 repulsum

155 973 195 1009 et
219 980 381 1008 summo
406 964 527 1020 clipei
549 964 803 1019 nequiquam
824 963 1005 1005 umbone
1029 962 1238 1019 pependit.

154 1028 220 1070 cui
243 1027 448 1084 Pyrrhus:
476 1026 656 1078 „referes
681 1041 782 1082 ergo
806 1025 910 1067 haec
934 1031 976 1067 et
998 1025 1168 1066 nuntius
1192 1023 1287 1066 ibis·

153 1090 322 1132 Pelidae
346 1089 540 1146 genitori:
564 1088 623 1130 illi
647 1102 742 1129 mea
766 1087 900 1129 tristia
923 1087 1036 1129 facta

153 1153 482 1209 degeneremque
505 1149 825 1206 Neoptolemum
848 1163 1014 1191 narrare
1038 1158 1260 1191 memento.

153 1228 264 1256 nunc
286 1215 486 1255 morere.“
512 1212 592 1254 hoc
616 1212 759 1254 dicens
784 1211 929 1253 altaria
952 1211 1006 1253 ad
1028 1211 1120 1266 ipsa
1144 1217 1388 1252 trementem

155 1276 278 1318 traxit
301 1281 342 1317 et
363 1275 408 1317 in
430 1274 560 1316 multo
583 1274 817 1329 lapsantem
842 1274 1044 1330 sanguine
1069 1274 1168 1325 nati,

154 1337 423 1393 inplicuitque
447 1351 608 1378 comam
631 1336 767 1386 laeva,
793 1336 1020 1390 dextraque
1045 1350 1264 1378 coruscum

156 1399 301 1441 extulit
325 1413 374 1440 ac
397 1398 516 1440 lateri
539 1397 687 1453 capulo
717 1404 837 1439 tenus
862 1397 1022 1439 abdidit
1045 1412 1199 1439 ensem.

155 1461 258 1503 haec
281 1461 374 1503 finis
398 1459 556 1502 Priami
578 1459 779 1510 fatorum3
803 1459 872 1501 hic
895 1459 1031 1501 exitus
1055 1459 1174 1500 illum

157 1530 266 1566 sorte
290 1522 400 1573 tulit,
426 1522 597 1564 Troiam
618 1521 833 1563 incensam
857 1527 899 1562 et
920 1520 1116 1576 prolapsa
1138 1520 1348 1562 videntem

155 1585 382 1641 Pergama,
408 1590 469 1626 tot
492 1584 703 1638 quondam
726 1582 891 1638 populis
916 1583 1118 1637 terrisque
1143 1582 1368 1638 superbum

155 1654 417 1704 regnatorem
439 1646 582 1688 Asiae.
607 1646 716 1688 iacet
738 1646 886 1702 ingens
910 1645 1030 1687 litore
1053 1651 1237 1695 truncus,

156 1709 427 1764 avolsumque
451 1708 633 1750 humeris
659 1714 784 1764 caput
807 1714 849 1750 et
873 1708 961 1750 sine
984 1707 1150 1750 nomine
1175 1721 1338 1762 corpus.

212 1771 274 1814 At
296 1786 363 1813 me
387 1777 476 1812 tum
499 1771 679 1826 primum
704 1785 853 1812 saevus
879 1770 1149 1812 circumstetit
1172 1769 1327 1811 horror.

158 1834 353 1890 obstupui
360 1850 371 1884 ;
397 1832 525 1875 subiit
548 1833 632 1874 cari
655 1833 853 1889 genitoris
876 1833 1029 1889 imago,

159 1902 204 1938 ut
226 1910 370 1952 regem
394 1909 650 1949 aequaevom
675 1895 832 1937 crudeli
854 1895 1022 1937 volnere
1046 1894 1132 1935 vidi

159 1959 286 2000 vitam
310 1957 571 2000 exhalantem
579 1974 590 2009 3
617 1957 744 1999 subiit
767 1957 931 2000 deserta
957 1956 1119 2000 Creusa

159 2026 200 2062 et
223 2020 383 2075 direpta
406 2019 554 2062 domus
579 2025 620 2061 et
642 2019 761 2075 parvi
785 2034 907 2062 casus
931 2019 1026 2060 Iuli.

158 2082 334 2137 respicio
360 2087 401 2123 et
424 2096 532 2136 quae
557 2081 610 2123 sit
633 2096 700 2123 me
725 2082 880 2124 circum
905 2082 1025 2137 copia
1047 2081 1192 2123 lustro.

159 2143 376 2185 deseruere
400 2158 543 2185 omnes
568 2143 724 2186 defessi
748 2150 789 2185 et
812 2158 985 2200 corpora
1010 2143 1119 2186 saltu

160 2204 214 2246 ad
235 2211 386 2246 terram
408 2205 558 2247 misere
582 2211 654 2247 aut
675 2205 843 2261 ignibus
868 2220 995 2262 aegra
1018 2205 1182 2247 dedere.

216 2265 390 2319 Iamque
414 2266 518 2308 adeo
544 2281 669 2321 super
690 2281 799 2309 unus
825 2282 956 2318 eram,
982 2282 1078 2309 cum
1101 2267 1247 2308 limina
1269 2266 1427 2308 Vestae

163 2333 395 2369 servantem
418 2333 459 2368 et
482 2328 649 2369 tacitam
673 2334 831 2370 secreta
852 2329 897 2370 in
921 2329 1019 2370 sede
1042 2329 1240 2370 latentem

163 2387 402 2443 Tyndarida
425 2388 580 2443 aspicio
587 2405 599 2439 3
624 2389 724 2430 dant
747 2389 858 2431 clara
878 2390 1072 2432 incendia
1092 2390 1230 2431 lucem

163 2449 314 2491 erranti
336 2449 575 2504 passimque
599 2450 740 2491 oculos
764 2465 839 2505 per
862 2457 1012 2492 cuncta
1033 2451 1194 2492 ferenti.

162 2511 232 2553 illa
256 2511 336 2553 sibi
359 2511 534 2553 infestos
558 2525 704 2553 eversa
727 2510 780 2553 ob
805 2511 1014 2568 Pergama
1038 2511 1224 2554 Teucros

163 2579 204 2615 et
226 2587 382 2628 poenas
405 2572 603 2615 Danaum
628 2578 669 2614 et
692 2573 844 2615 deserti
869 2573 1055 2629 coniugis
1080 2573 1162 2616 iras

162 2641 468 2690 praemetuens,
495 2635 645 2676 Troiae
669 2640 710 2676 et
732 2635 889 2690 patriae
913 2635 1144 2677 communis
1167 2634 1336 2691 Erinys,

163 2695 378 2739 abdiderat
401 2711 494 2739 sese
517 2703 642 2751 atque
666 2696 747 2738 aris
772 2697 908 2739 invisa
932 2697 1115 2739 sedebat.

165 2771 352 2800 exarsere
375 2759 494 2815 ignes
519 2759 676 2809 animo3
702 2758 812 2800 subit
835 2759 896 2801 ira
920 2759 1134 2801 cadentem

1432 288 1514 329 123

1542 663 1608 694 540

1545 974 1610 1004 545

1546 1285 1611 1315 550

1548 1596 1612 1626 555

1551 1905 1615 1936 560

1550 2216 1615 2246 565

1550 2525 1616 2556 570
