1794 3048
269 1589 307 1619 10

269 1895 309 1923 15

269 2199 312 2229 20

328 293 380 334 72
728 304 770 338 Ρ.
790 302 1019 338 VERGLLH
1037 302 1260 340 MARONIS

693 689 1304 744 GEORGICON

815 897 1071 936 LIBER
1116 898 1187 937 IV.

384 1027 578 1069 Protinus
601 1027 699 1069 aerii
723 1027 854 1069 mellis
879 1027 1071 1069 caelestia
1093 1028 1202 1070 dona
1283 1080 1291 1087 .

331 1103 543 1142 exsequar.
567 1088 674 1129 hanc
697 1088 838 1137 etiam,
863 1087 1104 1138 Maecenas,
1131 1090 1269 1144 aspice
1291 1096 1461 1145 partem.

331 1149 570 1190 admiranda
593 1148 667 1190 tibi
689 1149 842 1189 levium
866 1149 1100 1203 spectacula
1121 1164 1257 1191 rerum

329 1211 694 1265 magnanimosque
717 1211 841 1251 duces
866 1210 1071 1264 totiusque
1094 1211 1234 1252 ordine
1257 1211 1391 1266 gentis

331 1286 463 1313 mores
487 1277 528 1312 et
551 1271 685 1313 studia
708 1277 748 1312 et
770 1271 943 1325 populos
968 1277 1008 1312 et
1029 1272 1184 1326 proelia
1207 1272 1352 1313 dicam.

330 1333 373 1373 in
395 1332 507 1373 tenui
529 1331 663 1382 labor3
687 1338 730 1372 at
752 1332 886 1373 tenuis
910 1346 992 1373 non
1015 1332 1163 1387 gloria,
1189 1332 1224 1374 si
1247 1347 1370 1386 quem

331 1393 500 1434 numina
521 1393 639 1434 laeva
662 1392 800 1433 sinunt
824 1393 1018 1445 auditque
1042 1400 1212 1434 vocatus
1236 1393 1402 1448 Apollo.

386 1453 594 1508 Principio
619 1453 738 1494 sedes
762 1452 908 1507 apibus
933 1453 1135 1507 statioque
1158 1455 1346 1509 petenda,

330 1529 412 1568 quo
435 1528 568 1568 neque
592 1514 645 1555 sit
667 1514 800 1556 ventis
824 1514 978 1564 aditus,
1002 1539 1057 1544 —
1080 1530 1176 1556 nam
1197 1515 1350 1570 pabula
1372 1517 1482 1557 venti

330 1575 436 1616 ferre
459 1575 627 1616 domum
650 1574 867 1630 prohibent
888 1599 944 1606 -
966 1589 1100 1629 neque
1123 1590 1221 1618 oves
1245 1576 1447 1630 haedique
1470 1578 1621 1634 petulci

332 1636 499 1679 floribus
523 1636 737 1686 insultent,
763 1643 834 1678 aut
857 1651 996 1679 errans
1020 1637 1170 1679 bucula
1194 1653 1338 1693 campo

332 1697 512 1739 decutiat
533 1712 668 1739 rorem
691 1703 732 1739 et
755 1698 961 1753 surgentis
985 1704 1132 1740 atterat
1154 1698 1315 1741 herbas.

332 1758 468 1800 absint
491 1765 531 1800 et
552 1759 652 1813 picti
675 1759 902 1812 squalentia
925 1766 1040 1815 terga
1062 1759 1202 1801 lacerti

332 1819 556 1875 pinguibus
580 1819 633 1861 ab
658 1819 828 1861 stabulis
853 1835 1141 1874 meropesque,
1167 1821 1351 1874 aliaeque
1376 1822 1561 1864 volucres

333 1889 374 1921 et
395 1880 585 1922 manibus
608 1880 768 1922 Procne
790 1887 933 1935 pectus
958 1882 1119 1937 signata
1142 1883 1339 1933 cruentis3

334 1941 471 1983 omnia
493 1956 590 1983 nam
611 1941 693 1982 late
717 1947 899 1992 vastant,
923 1942 1119 1996 ipsasque
1142 1943 1317 1985 volantis

333 2016 403 2044 ore
426 2002 563 2044 ferunt
584 2002 746 2044 dulcem
768 2002 875 2044 nidis
898 2002 1108 2045 inmitibus
1133 2018 1283 2045 escam.

335 2070 377 2105 at
398 2063 544 2117 liquidi
565 2063 700 2105 fontes
725 2069 766 2104 et
789 2069 936 2119 stagna
957 2064 1130 2106 virentia
1152 2079 1295 2106 musco

337 2125 472 2166 adsint
495 2130 537 2166 et
559 2125 691 2166 tenuis
716 2124 880 2180 fugiens
903 2139 978 2180 per
1000 2126 1186 2181 gramina
1207 2126 1333 2176 rivus,

334 2186 553 2241 palmaque
575 2185 823 2228 vestibulum
846 2192 917 2227 aut
938 2186 1084 2242 ingens
1108 2187 1282 2228 oleaster
1304 2187 1521 2237 inumbret,

337 2253 398 2296 ut,
425 2261 520 2288 cum
541 2247 674 2302 prima
696 2247 792 2288 novi
816 2247 966 2289 ducent
989 2247 1178 2290 examina
1200 2262 1319 2304 reges

334 2322 431 2349 vere
455 2322 548 2357 suo,
572 2307 766 2361 ludetque
790 2307 895 2349 favis
921 2308 1071 2350 emissa
1093 2309 1295 2358 iuventus,

334 2368 471 2410 vicina
491 2368 636 2410 invitet
658 2368 855 2410 decedere
877 2369 967 2424 ripa
989 2369 1125 2419 calori,

337 2429 540 2483 obviaque
562 2429 750 2484 hospitiis
774 2435 911 2471 teneat
933 2429 1216 2472 frondentibus
1241 2430 1374 2472 arbos.

271 2509 288 2533 ·.
336 2491 379 2531 in
401 2490 601 2540 medium,
628 2505 702 2531 seu
726 2489 849 2532 stabit
872 2490 980 2532 iners
1005 2506 1080 2533 seu
1102 2492 1276 2546 profluet
1299 2491 1456 2540 humor,

336 2558 588 2592 transversas
612 2551 757 2592 salices
781 2558 821 2592 et
843 2552 1015 2606 grandia
1037 2553 1177 2594 conice
1201 2567 1313 2601 saxa,

335 2611 528 2665 pontibus
553 2619 598 2653 ut
621 2611 774 2654 crebris
796 2613 957 2667 possint
979 2614 1200 2655 consistere
1223 2619 1264 2654 et
1286 2612 1371 2654 alas

336 2672 514 2726 pandere
537 2673 590 2714 ad
612 2673 814 2715 aestivum
838 2673 986 2724 solem,
1011 2674 1047 2716 si
1069 2674 1174 2716 forte
1196 2673 1390 2715 morantis

338 2732 532 2787 sparserit
555 2738 625 2773 aut
648 2747 844 2788 praeceps
867 2734 1059 2789 Neptuno
1081 2733 1308 2775 inmerserit
1332 2748 1465 2774 eurus.
