<?xml version="1.0" encoding="UTF-8"?>
<!DOCTYPE html PUBLIC "-//W3C//DTD XHTML 1.0 Transitional//EN"
    "http://www.w3.org/TR/xhtml1/DTD/xhtml1-transitional.dtd">
<html xmlns="http://www.w3.org/1999/xhtml" xml:lang="en" lang="en">
 <head>
  <title>
</title>
<meta http-equiv="Content-Type" content="text/html;charset=utf-8" />
  <meta name='ocr-system' content='tesseract 3.04.00' />
  <meta name='ocr-capabilities' content='ocr_page ocr_carea ocr_par ocr_line ocrx_word'/>
</head>
<body>
  <div class='ocr_page' id='page_1' title='image "./operavirg00virguoft_0217.png"; bbox 0 0 1780 3074; ppageno 0'>
   <div class='ocr_carea' id='block_1_1' title="bbox 565 293 1003 332">
    <p class='ocr_par' dir='ltr' id='par_1_1' title="bbox 565 293 1003 332">
     <span class='ocr_line' id='line_1_1' title="bbox 565 293 1003 332; baseline 0.002 -2"><span class='ocrx_word' id='word_1_1' title='bbox 565 293 823 332; x_wconf 84' lang='lat' dir='ltr'>AENEIDOS</span> <span class='ocrx_word' id='word_1_2' title='bbox 842 294 939 330; x_wconf 91' lang='lat' dir='ltr'>LIB.</span> <span class='ocrx_word' id='word_1_3' title='bbox 957 295 1003 331; x_wconf 92' lang='lat' dir='ltr'>V.</span> 
     </span>
    </p>
   </div>
   <div class='ocr_carea' id='block_1_2' title="bbox 99 396 1352 2786">
    <p class='ocr_par' dir='ltr' id='par_1_2' title="bbox 99 396 1352 2786">
     <span class='ocr_line' id='line_1_2' title="bbox 101 396 1270 455; baseline -0.003 -14"><span class='ocrx_word' id='word_1_4' title='bbox 101 406 252 455; x_wconf 79' lang='lat' dir='ltr'>stuppa</span> <span class='ocrx_word' id='word_1_5' title='bbox 275 413 449 441; x_wconf 88' lang='lat' dir='ltr'>vomens</span> <span class='ocrx_word' id='word_1_6' title='bbox 474 398 638 440; x_wconf 87' lang='lat' dir='ltr'>tardum</span> <span class='ocrx_word' id='word_1_7' title='bbox 661 398 842 448; x_wconf 87' lang='lat' dir='ltr'>fumum,</span> <span class='ocrx_word' id='word_1_8' title='bbox 867 398 1086 451; x_wconf 90' lang='lat' dir='ltr'>lentusque</span> <span class='ocrx_word' id='word_1_9' title='bbox 1111 396 1270 438; x_wconf 80' lang='lat' dir='ltr'>carinas</span> 
     </span>
     <span class='ocr_line' id='line_1_3' title="bbox 100 459 1093 517; baseline -0.004 -13"><span class='ocrx_word' id='word_1_10' title='bbox 100 468 162 504; x_wconf 89' lang='lat' dir='ltr'>cst</span> <span class='ocrx_word' id='word_1_11' title='bbox 185 476 315 517; x_wconf 87' lang='lat' dir='ltr'>vapor</span> <span class='ocrx_word' id='word_1_12' title='bbox 339 467 380 502; x_wconf 90' lang='lat' dir='ltr'>et</span> <span class='ocrx_word' id='word_1_13' title='bbox 404 467 489 503; x_wconf 90' lang='lat' dir='ltr'>toto</span> <span class='ocrx_word' id='word_1_14' title='bbox 514 460 730 502; x_wconf 90' lang='lat' dir='ltr'>descendit</span> <span class='ocrx_word' id='word_1_15' title='bbox 755 475 926 515; x_wconf 89' lang='lat' dir='ltr'>corpore</span> <span class='ocrx_word' id='word_1_16' title='bbox 949 459 1093 515; x_wconf 88' lang='lat' dir='ltr'>pestis,</span> 
     </span>
     <span class='ocr_line' id='line_1_4' title="bbox 99 522 1153 577; baseline -0.004 -12"><span class='ocrx_word' id='word_1_17' title='bbox 99 538 176 565; x_wconf 88' lang='lat' dir='ltr'>nec</span> <span class='ocrx_word' id='word_1_18' title='bbox 199 523 307 565; x_wconf 87' lang='lat' dir='ltr'>vires</span> <span class='ocrx_word' id='word_1_19' title='bbox 332 523 505 564; x_wconf 91' lang='lat' dir='ltr'>heroum</span> <span class='ocrx_word' id='word_1_20' title='bbox 528 522 750 576; x_wconf 88' lang='lat' dir='ltr'>infusaque</span> <span class='ocrx_word' id='word_1_21' title='bbox 773 522 945 563; x_wconf 89' lang='lat' dir='ltr'>fiumina</span> <span class='ocrx_word' id='word_1_22' title='bbox 966 526 1153 577; x_wconf 82' lang='lat' dir='ltr'><strong>prosunt.</strong></span> 
     </span>
     <span class='ocr_line' id='line_1_5' title="bbox 100 583 1170 641; baseline -0.004 -14"><span class='ocrx_word' id='word_1_23' title='bbox 100 593 188 627; x_wconf 85' lang='lat' dir='ltr'>tum</span> <span class='ocrx_word' id='word_1_24' title='bbox 210 586 305 641; x_wconf 90' lang='lat' dir='ltr'>pius</span> <span class='ocrx_word' id='word_1_25' title='bbox 329 584 498 627; x_wconf 84' lang='lat' dir='ltr'>Aeneas</span> <span class='ocrx_word' id='word_1_26' title='bbox 522 584 706 626; x_wconf 90' lang='lat' dir='ltr'>humeris</span> <span class='ocrx_word' id='word_1_27' title='bbox 731 583 973 626; x_wconf 84' lang='lat' dir='ltr'>abscindere</span> <span class='ocrx_word' id='word_1_28' title='bbox 997 589 1170 633; x_wconf 88' lang='lat' dir='ltr'>vestem,</span> 
     </span>
     <span class='ocr_line' id='line_1_6' title="bbox 101 645 1096 701; baseline -0.002 -13"><span class='ocrx_word' id='word_1_29' title='bbox 101 647 337 701; x_wconf 87' lang='lat' dir='ltr'>auxilioque</span> <span class='ocrx_word' id='word_1_30' title='bbox 360 661 510 688; x_wconf 87' lang='lat' dir='ltr'>vocare</span> <span class='ocrx_word' id='word_1_31' title='bbox 535 646 635 688; x_wconf 89' lang='lat' dir='ltr'>deos</span> <span class='ocrx_word' id='word_1_32' title='bbox 661 652 702 687; x_wconf 91' lang='lat' dir='ltr'>et</span> <span class='ocrx_word' id='word_1_33' title='bbox 725 646 893 687; x_wconf 89' lang='lat' dir='ltr'>tendere</span> <span class='ocrx_word' id='word_1_34' title='bbox 916 645 1096 701; x_wconf 88' lang='lat' dir='ltr'>palmas:</span> 
     </span>
     <span class='ocr_line' id='line_1_7' title="bbox 103 704 1301 764; baseline -0.003 -14"><span class='ocrx_word' id='word_1_35' title='bbox 103 709 315 764; x_wconf 86' lang='lat' dir='ltr'>„Iuppiter</span> <span class='ocrx_word' id='word_1_36' title='bbox 339 709 618 763; x_wconf 88' lang='lat' dir='ltr'>omnipotens,</span> <span class='ocrx_word' id='word_1_37' title='bbox 645 708 682 749; x_wconf 84' lang='lat' dir='ltr'>si</span> <span class='ocrx_word' id='word_1_38' title='bbox 706 708 890 749; x_wconf 91' lang='lat' dir='ltr'>nondum</span> <span class='ocrx_word' id='word_1_39' title='bbox 915 704 1068 748; x_wconf 85' lang='lat' dir='ltr'>exosus</span> <span class='ocrx_word' id='word_1_40' title='bbox 1094 707 1148 748; x_wconf 88' lang='lat' dir='ltr'>ad</span> <span class='ocrx_word' id='word_1_41' title='bbox 1172 722 1301 748; x_wconf 89' lang='lat' dir='ltr'>unum</span> 
     </span>
     <span class='ocr_line' id='line_1_8' title="bbox 101 768 1051 825; baseline -0.002 -13"><span class='ocrx_word' id='word_1_42' title='bbox 101 771 327 822; x_wconf 83' lang='lat' dir='ltr'>Troianos,</span> <span class='ocrx_word' id='word_1_43' title='bbox 353 771 388 812; x_wconf 88' lang='lat' dir='ltr'>si</span> <span class='ocrx_word' id='word_1_44' title='bbox 411 771 513 824; x_wconf 89' lang='lat' dir='ltr'>quid</span> <span class='ocrx_word' id='word_1_45' title='bbox 535 770 668 825; x_wconf 86' lang='lat' dir='ltr'>pietas</span> <span class='ocrx_word' id='word_1_46' title='bbox 694 769 864 823; x_wconf 87' lang='lat' dir='ltr'>antiqua</span> <span class='ocrx_word' id='word_1_47' title='bbox 887 768 1051 810; x_wconf 86' lang='lat' dir='ltr'>labores</span> 
     </span>
     <span class='ocr_line' id='line_1_9' title="bbox 100 830 1177 888; baseline -0.003 -14"><span class='ocrx_word' id='word_1_48' title='bbox 100 833 268 888; x_wconf 81' lang='lat' dir='ltr'>respicit</span> <span class='ocrx_word' id='word_1_49' title='bbox 291 832 514 882; x_wconf 88' lang='lat' dir='ltr'>humanos,</span> <span class='ocrx_word' id='word_1_50' title='bbox 540 832 594 873; x_wconf 89' lang='lat' dir='ltr'>da</span> <span class='ocrx_word' id='word_1_51' title='bbox 618 831 829 872; x_wconf 87' lang='lat' dir='ltr'>flammam</span> <span class='ocrx_word' id='word_1_52' title='bbox 853 831 1028 872; x_wconf 88' lang='lat' dir='ltr'>evadere</span> <span class='ocrx_word' id='word_1_53' title='bbox 1054 830 1177 872; x_wconf 84' lang='lat' dir='ltr'>classi</span> 
     </span>
     <span class='ocr_line' id='line_1_10' title="bbox 101 891 1196 949; baseline -0.002 -14"><span class='ocrx_word' id='word_1_54' title='bbox 101 908 228 944; x_wconf 89' lang='lat' dir='ltr'>nunc,</span> <span class='ocrx_word' id='word_1_55' title='bbox 253 900 388 949; x_wconf 89' lang='lat' dir='ltr'>pater,</span> <span class='ocrx_word' id='word_1_56' title='bbox 415 900 456 935; x_wconf 90' lang='lat' dir='ltr'>et</span> <span class='ocrx_word' id='word_1_57' title='bbox 479 893 614 934; x_wconf 87' lang='lat' dir='ltr'>tenuis</span> <span class='ocrx_word' id='word_1_58' title='bbox 640 892 851 934; x_wconf 83' lang='lat' dir='ltr'>Teucrum</span> <span class='ocrx_word' id='word_1_59' title='bbox 873 907 940 934; x_wconf 87' lang='lat' dir='ltr'>res</span> <span class='ocrx_word' id='word_1_60' title='bbox 966 892 1078 947; x_wconf 90' lang='lat' dir='ltr'>eripe</span> <span class='ocrx_word' id='word_1_61' title='bbox 1101 891 1196 933; x_wconf 88' lang='lat' dir='ltr'>leto.</span> 
     </span>
     <span class='ocr_line' id='line_1_11' title="bbox 101 954 1159 1011; baseline -0.003 -14"><span class='ocrx_word' id='word_1_62' title='bbox 101 956 167 997; x_wconf 77' lang='lat' dir='ltr'>vel</span> <span class='ocrx_word' id='word_1_63' title='bbox 192 962 255 1006; x_wconf 90' lang='lat' dir='ltr'>tu,</span> <span class='ocrx_word' id='word_1_64' title='bbox 281 955 394 1010; x_wconf 89' lang='lat' dir='ltr'>quod</span> <span class='ocrx_word' id='word_1_65' title='bbox 417 961 623 1011; x_wconf 81' lang='lat' dir='ltr'>superest,</span> <span class='ocrx_word' id='word_1_66' title='bbox 648 954 802 996; x_wconf 88' lang='lat' dir='ltr'>infesto</span> <span class='ocrx_word' id='word_1_67' title='bbox 826 954 1000 995; x_wconf 87' lang='lat' dir='ltr'>fulmine</span> <span class='ocrx_word' id='word_1_68' title='bbox 1025 954 1159 1003; x_wconf 87' lang='lat' dir='ltr'>morti,</span> 
     </span>
     <span class='ocr_line' id='line_1_12' title="bbox 103 1015 1187 1071; baseline -0.003 -12"><span class='ocrx_word' id='word_1_69' title='bbox 103 1019 137 1060; x_wconf 89' lang='lat' dir='ltr'>si</span> <span class='ocrx_word' id='word_1_70' title='bbox 162 1032 338 1068; x_wconf 86' lang='lat' dir='ltr'>mereor,</span> <span class='ocrx_word' id='word_1_71' title='bbox 364 1017 552 1068; x_wconf 87' lang='lat' dir='ltr'>demitte,</span> <span class='ocrx_word' id='word_1_72' title='bbox 578 1023 732 1071; x_wconf 87' lang='lat' dir='ltr'>tuaque</span> <span class='ocrx_word' id='word_1_73' title='bbox 755 1016 824 1058; x_wconf 92' lang='lat' dir='ltr'>hic</span> <span class='ocrx_word' id='word_1_74' title='bbox 848 1015 977 1059; x_wconf 90' lang='lat' dir='ltr'>obrue</span> <span class='ocrx_word' id='word_1_75' title='bbox 1002 1016 1187 1057; x_wconf 85' lang='lat' dir='ltr'>dextra.“</span> 
     </span>
     <span class='ocr_line' id='line_1_13' title="bbox 102 1078 1162 1130; baseline -0.002 -9"><span class='ocrx_word' id='word_1_76' title='bbox 102 1080 172 1122; x_wconf 83' lang='lat' dir='ltr'>vix</span> <span class='ocrx_word' id='word_1_77' title='bbox 194 1079 298 1121; x_wconf 89' lang='lat' dir='ltr'>haec</span> <span class='ocrx_word' id='word_1_78' title='bbox 322 1080 524 1130; x_wconf 83' lang='lat' dir='ltr'>ediderat,</span> <span class='ocrx_word' id='word_1_79' title='bbox 557 1094 652 1120; x_wconf 91' lang='lat' dir='ltr'>cum</span> <span class='ocrx_word' id='word_1_80' title='bbox 677 1078 821 1120; x_wconf 89' lang='lat' dir='ltr'>effusis</span> <span class='ocrx_word' id='word_1_81' title='bbox 845 1078 1048 1120; x_wconf 86' lang='lat' dir='ltr'>imbribus</span> <span class='ocrx_word' id='word_1_82' title='bbox 1074 1084 1162 1119; x_wconf 86' lang='lat' dir='ltr'>atra</span> 
     </span>
     <span class='ocr_line' id='line_1_14' title="bbox 101 1140 1260 1197; baseline -0.003 -14"><span class='ocrx_word' id='word_1_83' title='bbox 101 1147 325 1197; x_wconf 83' lang='lat' dir='ltr'>tempestas</span> <span class='ocrx_word' id='word_1_84' title='bbox 351 1141 439 1183; x_wconf 92' lang='lat' dir='ltr'>sine</span> <span class='ocrx_word' id='word_1_85' title='bbox 463 1155 578 1182; x_wconf 89' lang='lat' dir='ltr'>more</span> <span class='ocrx_word' id='word_1_86' title='bbox 601 1140 719 1191; x_wconf 88' lang='lat' dir='ltr'>furit,</span> <span class='ocrx_word' id='word_1_87' title='bbox 745 1140 982 1194; x_wconf 81' lang='lat' dir='ltr'>tonitruque</span> <span class='ocrx_word' id='word_1_88' title='bbox 1006 1146 1260 1181; x_wconf 86' lang='lat' dir='ltr'>tremescunt</span> 
     </span>
     <span class='ocr_line' id='line_1_15' title="bbox 102 1202 1105 1258; baseline -0.002 -13"><span class='ocrx_word' id='word_1_89' title='bbox 102 1203 231 1246; x_wconf 88' lang='lat' dir='ltr'>ardua</span> <span class='ocrx_word' id='word_1_90' title='bbox 254 1209 455 1245; x_wconf 85' lang='lat' dir='ltr'>terrarum</span> <span class='ocrx_word' id='word_1_91' title='bbox 479 1209 520 1244; x_wconf 87' lang='lat' dir='ltr'>et</span> <span class='ocrx_word' id='word_1_92' title='bbox 543 1202 698 1258; x_wconf 84' lang='lat' dir='ltr'>campi3</span> <span class='ocrx_word' id='word_1_93' title='bbox 723 1203 805 1244; x_wconf 90' lang='lat' dir='ltr'>ruit</span> <span class='ocrx_word' id='word_1_94' title='bbox 829 1202 995 1244; x_wconf 81' lang='lat' dir='ltr'>aethere</span> <span class='ocrx_word' id='word_1_95' title='bbox 1019 1207 1105 1243; x_wconf 87' lang='lat' dir='ltr'>toto</span> 
     </span>
     <span class='ocr_line' id='line_1_16' title="bbox 103 1264 1290 1321; baseline -0.002 -15"><span class='ocrx_word' id='word_1_96' title='bbox 103 1265 291 1307; x_wconf 88' lang='lat' dir='ltr'>turbidus</span> <span class='ocrx_word' id='word_1_97' title='bbox 315 1264 448 1306; x_wconf 88' lang='lat' dir='ltr'>imber</span> <span class='ocrx_word' id='word_1_98' title='bbox 472 1280 580 1319; x_wconf 88' lang='lat' dir='ltr'>aqua</span> <span class='ocrx_word' id='word_1_99' title='bbox 604 1265 828 1319; x_wconf 88' lang='lat' dir='ltr'>densisque</span> <span class='ocrx_word' id='word_1_100' title='bbox 852 1265 1100 1321; x_wconf 86' lang='lat' dir='ltr'>nigerrimus</span> <span class='ocrx_word' id='word_1_101' title='bbox 1126 1264 1290 1314; x_wconf 90' lang='lat' dir='ltr'>austris,</span> 
     </span>
     <span class='ocr_line' id='line_1_17' title="bbox 103 1326 1243 1382; baseline -0.001 -15"><span class='ocrx_word' id='word_1_102' title='bbox 103 1326 391 1381; x_wconf 89' lang='lat' dir='ltr'>inplenturque</span> <span class='ocrx_word' id='word_1_103' title='bbox 417 1341 542 1381; x_wconf 88' lang='lat' dir='ltr'>super</span> <span class='ocrx_word' id='word_1_104' title='bbox 564 1341 747 1382; x_wconf 86' lang='lat' dir='ltr'>puppes,</span> <span class='ocrx_word' id='word_1_105' title='bbox 774 1327 973 1368; x_wconf 88' lang='lat' dir='ltr'>semiusta</span> <span class='ocrx_word' id='word_1_106' title='bbox 997 1326 1243 1368; x_wconf 87' lang='lat' dir='ltr'>madescunt</span> 
     </span>
     <span class='ocr_line' id='line_1_18' title="bbox 104 1380 1222 1444; baseline -0.001 -14"><span class='ocrx_word' id='word_1_107' title='bbox 104 1388 271 1439; x_wconf 89' lang='lat' dir='ltr'>robora,</span> <span class='ocrx_word' id='word_1_108' title='bbox 295 1388 516 1430; x_wconf 88' lang='lat' dir='ltr'>restinctus</span> <span class='ocrx_word' id='word_1_109' title='bbox 541 1389 675 1430; x_wconf 90' lang='lat' dir='ltr'>donec</span> <span class='ocrx_word' id='word_1_110' title='bbox 698 1404 829 1444; x_wconf 87' lang='lat' dir='ltr'>vapor</span> <span class='ocrx_word' id='word_1_111' title='bbox 853 1389 987 1431; x_wconf 79' lang='lat' dir='ltr'>omnis</span> <span class='ocrx_word' id='word_1_112' title='bbox 1013 1395 1054 1430; x_wconf 90' lang='lat' dir='ltr'>et</span> <span class='ocrx_word' id='word_1_113' title='bbox 1078 1380 1222 1431; x_wconf 81' lang='lat' dir='ltr'>omnes</span> 
     </span>
     <span class='ocr_line' id='line_1_19' title="bbox 106 1450 1092 1505; baseline -0.001 -13"><span class='ocrx_word' id='word_1_114' title='bbox 106 1456 301 1504; x_wconf 83' lang='lat' dir='ltr'>quattuor</span> <span class='ocrx_word' id='word_1_115' title='bbox 324 1450 489 1492; x_wconf 86' lang='lat' dir='ltr'>amissis</span> <span class='ocrx_word' id='word_1_116' title='bbox 515 1456 703 1492; x_wconf 87' lang='lat' dir='ltr'>servatae</span> <span class='ocrx_word' id='word_1_117' title='bbox 727 1466 752 1492; x_wconf 89' lang='lat' dir='ltr'>a</span> <span class='ocrx_word' id='word_1_118' title='bbox 775 1457 892 1505; x_wconf 90' lang='lat' dir='ltr'>peste</span> <span class='ocrx_word' id='word_1_119' title='bbox 917 1450 1092 1491; x_wconf 86' lang='lat' dir='ltr'>carinae.</span> 
     </span>
     <span class='ocr_line' id='line_1_20' title="bbox 161 1511 1108 1567; baseline 0 -14"><span class='ocrx_word' id='word_1_120' title='bbox 161 1511 223 1553; x_wconf 87' lang='lat' dir='ltr'>At</span> <span class='ocrx_word' id='word_1_121' title='bbox 245 1517 363 1567; x_wconf 88' lang='lat' dir='ltr'>pater</span> <span class='ocrx_word' id='word_1_122' title='bbox 385 1511 554 1553; x_wconf 88' lang='lat' dir='ltr'>Aeneas</span> <span class='ocrx_word' id='word_1_123' title='bbox 579 1526 681 1553; x_wconf 89' lang='lat' dir='ltr'>casu</span> <span class='ocrx_word' id='word_1_124' title='bbox 705 1526 932 1554; x_wconf 86' lang='lat' dir='ltr'>concussus</span> <span class='ocrx_word' id='word_1_125' title='bbox 958 1511 1108 1553; x_wconf 87' lang='lat' dir='ltr'>acerbo</span> 
     </span>
     <span class='ocr_line' id='line_1_21' title="bbox 105 1573 1135 1630; baseline 0 -15"><span class='ocrx_word' id='word_1_126' title='bbox 105 1588 217 1615; x_wconf 86' lang='lat' dir='ltr'>nuuc</span> <span class='ocrx_word' id='word_1_127' title='bbox 239 1574 322 1616; x_wconf 92' lang='lat' dir='ltr'>huc</span> <span class='ocrx_word' id='word_1_128' title='bbox 345 1574 544 1630; x_wconf 89' lang='lat' dir='ltr'>ingentis,</span> <span class='ocrx_word' id='word_1_129' title='bbox 569 1588 681 1615; x_wconf 89' lang='lat' dir='ltr'>nunc</span> <span class='ocrx_word' id='word_1_130' title='bbox 703 1573 802 1615; x_wconf 92' lang='lat' dir='ltr'>illuc</span> <span class='ocrx_word' id='word_1_131' title='bbox 824 1579 991 1629; x_wconf 86' lang='lat' dir='ltr'>pectore</span> <span class='ocrx_word' id='word_1_132' title='bbox 1016 1589 1135 1615; x_wconf 90' lang='lat' dir='ltr'>curas</span> 
     </span>
     <span class='ocr_line' id='line_1_22' title="bbox 107 1636 1101 1688; baseline 0.001 -11"><span class='ocrx_word' id='word_1_133' title='bbox 107 1636 295 1678; x_wconf 87' lang='lat' dir='ltr'>mutabat</span> <span class='ocrx_word' id='word_1_134' title='bbox 316 1652 508 1688; x_wconf 86' lang='lat' dir='ltr'>versans,</span> <span class='ocrx_word' id='word_1_135' title='bbox 536 1636 744 1680; x_wconf 88' lang='lat' dir='ltr'>Siculisne</span> <span class='ocrx_word' id='word_1_136' title='bbox 767 1637 967 1679; x_wconf 90' lang='lat' dir='ltr'>resideret</span> <span class='ocrx_word' id='word_1_137' title='bbox 991 1637 1101 1678; x_wconf 89' lang='lat' dir='ltr'>arvis</span> 
     </span>
     <span class='ocr_line' id='line_1_23' title="bbox 107 1698 1080 1755; baseline 0.001 -16"><span class='ocrx_word' id='word_1_138' title='bbox 107 1698 259 1740; x_wconf 90' lang='lat' dir='ltr'>oblitus</span> <span class='ocrx_word' id='word_1_139' title='bbox 283 1698 482 1750; x_wconf 89' lang='lat' dir='ltr'>fatorum,</span> <span class='ocrx_word' id='word_1_140' title='bbox 507 1699 690 1741; x_wconf 86' lang='lat' dir='ltr'>Italasne</span> <span class='ocrx_word' id='word_1_141' title='bbox 715 1705 950 1755; x_wconf 86' lang='lat' dir='ltr'>capesseret</span> <span class='ocrx_word' id='word_1_142' title='bbox 973 1714 1080 1740; x_wconf 88' lang='lat' dir='ltr'>oras.</span> 
     </span>
     <span class='ocr_line' id='line_1_24' title="bbox 107 1760 1088 1811; baseline 0.001 -10"><span class='ocrx_word' id='word_1_143' title='bbox 107 1767 196 1801; x_wconf 89' lang='lat' dir='ltr'>tum</span> <span class='ocrx_word' id='word_1_144' title='bbox 221 1761 358 1802; x_wconf 86' lang='lat' dir='ltr'>senior</span> <span class='ocrx_word' id='word_1_145' title='bbox 378 1760 556 1811; x_wconf 83' lang='lat' dir='ltr'>Nautes,</span> <span class='ocrx_word' id='word_1_146' title='bbox 581 1776 711 1802; x_wconf 90' lang='lat' dir='ltr'>unum</span> <span class='ocrx_word' id='word_1_147' title='bbox 736 1761 924 1802; x_wconf 88' lang='lat' dir='ltr'>Tritonia</span> <span class='ocrx_word' id='word_1_148' title='bbox 947 1760 1088 1802; x_wconf 87' lang='lat' dir='ltr'>Pallas</span> 
     </span>
     <span class='ocr_line' id='line_1_25' title="bbox 108 1822 1188 1879; baseline 0.001 -17"><span class='ocrx_word' id='word_1_149' title='bbox 108 1836 233 1875; x_wconf 89' lang='lat' dir='ltr'>quem</span> <span class='ocrx_word' id='word_1_150' title='bbox 257 1822 397 1863; x_wconf 89' lang='lat' dir='ltr'>docuit</span> <span class='ocrx_word' id='word_1_151' title='bbox 420 1823 631 1876; x_wconf 83' lang='lat' dir='ltr'>multaque</span> <span class='ocrx_word' id='word_1_152' title='bbox 655 1823 864 1879; x_wconf 87' lang='lat' dir='ltr'>insignem</span> <span class='ocrx_word' id='word_1_153' title='bbox 886 1823 1067 1864; x_wconf 89' lang='lat' dir='ltr'>reddidit</span> <span class='ocrx_word' id='word_1_154' title='bbox 1090 1828 1188 1872; x_wconf 71' lang='lat' dir='ltr'>arte,</span> 
     </span>
     <span class='ocr_line' id='line_1_26' title="bbox 107 1883 1196 1940; baseline 0.001 -16"><span class='ocrx_word' id='word_1_155' title='bbox 107 1883 211 1925; x_wconf 84' lang='lat' dir='ltr'>haec</span> <span class='ocrx_word' id='word_1_156' title='bbox 234 1898 435 1939; x_wconf 87' lang='lat' dir='ltr'>responsa</span> <span class='ocrx_word' id='word_1_157' title='bbox 458 1884 602 1935; x_wconf 85' lang='lat' dir='ltr'>dabat,</span> <span class='ocrx_word' id='word_1_158' title='bbox 626 1884 694 1926; x_wconf 87' lang='lat' dir='ltr'>vel</span> <span class='ocrx_word' id='word_1_159' title='bbox 718 1899 825 1939; x_wconf 88' lang='lat' dir='ltr'>quae</span> <span class='ocrx_word' id='word_1_160' title='bbox 848 1885 1112 1940; x_wconf 88' lang='lat' dir='ltr'>portenderet</span> <span class='ocrx_word' id='word_1_161' title='bbox 1134 1885 1196 1925; x_wconf 86' lang='lat' dir='ltr'>ira</span> 
     </span>
     <span class='ocr_line' id='line_1_27' title="bbox 108 1945 1212 2002; baseline 0.001 -16"><span class='ocrx_word' id='word_1_162' title='bbox 108 1960 262 2001; x_wconf 87' lang='lat' dir='ltr'>magna</span> <span class='ocrx_word' id='word_1_163' title='bbox 285 1945 428 1996; x_wconf 91' lang='lat' dir='ltr'>deum,</span> <span class='ocrx_word' id='word_1_164' title='bbox 453 1945 520 1987; x_wconf 89' lang='lat' dir='ltr'>vel</span> <span class='ocrx_word' id='word_1_165' title='bbox 544 1960 650 2000; x_wconf 88' lang='lat' dir='ltr'>quae</span> <span class='ocrx_word' id='word_1_166' title='bbox 674 1945 855 1988; x_wconf 84' lang='lat' dir='ltr'>fatorum</span> <span class='ocrx_word' id='word_1_167' title='bbox 877 1952 1068 2002; x_wconf 89' lang='lat' dir='ltr'>posceret</span> <span class='ocrx_word' id='word_1_168' title='bbox 1092 1946 1192 1988; x_wconf 90' lang='lat' dir='ltr'>ordo</span> <span class='ocrx_word' id='word_1_169' title='bbox 1200 1962 1212 1996; x_wconf 83' lang='lat'><em>3</em></span> 
     </span>
     <span class='ocr_line' id='line_1_28' title="bbox 109 2006 1030 2060; baseline 0.003 -13"><span class='ocrx_word' id='word_1_170' title='bbox 109 2006 227 2060; x_wconf 90' lang='lat' dir='ltr'>isque</span> <span class='ocrx_word' id='word_1_171' title='bbox 251 2007 316 2049; x_wconf 91' lang='lat' dir='ltr'>his</span> <span class='ocrx_word' id='word_1_172' title='bbox 340 2006 518 2050; x_wconf 86' lang='lat' dir='ltr'>Aenean</span> <span class='ocrx_word' id='word_1_173' title='bbox 541 2008 699 2050; x_wconf 87' lang='lat' dir='ltr'>solatus</span> <span class='ocrx_word' id='word_1_174' title='bbox 723 2008 896 2050; x_wconf 86' lang='lat' dir='ltr'>vocibus</span> <span class='ocrx_word' id='word_1_175' title='bbox 921 2008 1030 2050; x_wconf 87' lang='lat' dir='ltr'>infit:</span> 
     </span>
     <span class='ocr_line' id='line_1_29' title="bbox 112 2069 1350 2124; baseline 0.001 -15"><span class='ocrx_word' id='word_1_176' title='bbox 112 2074 232 2119; x_wconf 89' lang='lat' dir='ltr'>„nate</span> <span class='ocrx_word' id='word_1_177' title='bbox 255 2069 352 2119; x_wconf 87' lang='lat' dir='ltr'>dea,</span> <span class='ocrx_word' id='word_1_178' title='bbox 377 2084 460 2123; x_wconf 95' lang='lat' dir='ltr'>quo</span> <span class='ocrx_word' id='word_1_179' title='bbox 484 2069 571 2111; x_wconf 86' lang='lat' dir='ltr'>fata</span> <span class='ocrx_word' id='word_1_180' title='bbox 594 2070 763 2111; x_wconf 88' lang='lat' dir='ltr'>trahunt</span> <span class='ocrx_word' id='word_1_181' title='bbox 785 2070 1082 2124; x_wconf 88' lang='lat' dir='ltr'>retrahuntque</span> <span class='ocrx_word' id='word_1_182' title='bbox 1107 2084 1331 2124; x_wconf 89' lang='lat' dir='ltr'>sequamur</span> <span class='ocrx_word' id='word_1_183' title='bbox 1338 2085 1350 2119; x_wconf 90' lang='lat'>;</span> 
     </span>
     <span class='ocr_line' id='line_1_30' title="bbox 110 2129 1332 2186; baseline 0.002 -16"><span class='ocrx_word' id='word_1_184' title='bbox 110 2129 312 2184; x_wconf 85' lang='lat' dir='ltr'>quidquid</span> <span class='ocrx_word' id='word_1_185' title='bbox 335 2131 430 2181; x_wconf 88' lang='lat' dir='ltr'>erit,</span> <span class='ocrx_word' id='word_1_186' title='bbox 456 2132 689 2186; x_wconf 87' lang='lat' dir='ltr'>superanda</span> <span class='ocrx_word' id='word_1_187' title='bbox 712 2132 846 2173; x_wconf 91' lang='lat' dir='ltr'>omnis</span> <span class='ocrx_word' id='word_1_188' title='bbox 870 2132 1038 2174; x_wconf 85' lang='lat' dir='ltr'>fortuna</span> <span class='ocrx_word' id='word_1_189' title='bbox 1060 2131 1232 2173; x_wconf 85' lang='lat' dir='ltr'>ferendo</span> <span class='ocrx_word' id='word_1_190' title='bbox 1256 2138 1332 2172; x_wconf 89' lang='lat' dir='ltr'>est.</span> 
     </span>
     <span class='ocr_line' id='line_1_31' title="bbox 112 2190 1111 2248; baseline 0.003 -17"><span class='ocrx_word' id='word_1_191' title='bbox 112 2196 176 2232; x_wconf 88' lang='lat' dir='ltr'>est</span> <span class='ocrx_word' id='word_1_192' title='bbox 198 2190 274 2232; x_wconf 91' lang='lat' dir='ltr'>tibi</span> <span class='ocrx_word' id='word_1_193' title='bbox 295 2191 535 2234; x_wconf 85' lang='lat' dir='ltr'>Dardanius</span> <span class='ocrx_word' id='word_1_194' title='bbox 560 2193 724 2235; x_wconf 82' lang='lat' dir='ltr'>divinae</span> <span class='ocrx_word' id='word_1_195' title='bbox 750 2194 887 2248; x_wconf 88' lang='lat' dir='ltr'>stirpis</span> <span class='ocrx_word' id='word_1_196' title='bbox 912 2193 1111 2236; x_wconf 88' lang='lat' dir='ltr'>Acestes:</span> 
     </span>
     <span class='ocr_line' id='line_1_32' title="bbox 111 2252 1283 2311; baseline 0.003 -19"><span class='ocrx_word' id='word_1_197' title='bbox 111 2252 224 2293; x_wconf 87' lang='lat' dir='ltr'>hunc</span> <span class='ocrx_word' id='word_1_198' title='bbox 247 2267 349 2307; x_wconf 89' lang='lat' dir='ltr'>cape</span> <span class='ocrx_word' id='word_1_199' title='bbox 373 2254 555 2295; x_wconf 84' lang='lat' dir='ltr'>consiliis</span> <span class='ocrx_word' id='word_1_200' title='bbox 581 2255 739 2296; x_wconf 87' lang='lat' dir='ltr'>socium</span> <span class='ocrx_word' id='word_1_201' title='bbox 763 2262 805 2296; x_wconf 89' lang='lat' dir='ltr'>et</span> <span class='ocrx_word' id='word_1_202' title='bbox 828 2256 1032 2311; x_wconf 90' lang='lat' dir='ltr'>coniunge</span> <span class='ocrx_word' id='word_1_203' title='bbox 1056 2255 1283 2305; x_wconf 83' lang='lat' dir='ltr'>volentem3</span> 
     </span>
     <span class='ocr_line' id='line_1_33' title="bbox 113 2311 1270 2370; baseline 0.003 -18"><span class='ocrx_word' id='word_1_204' title='bbox 113 2311 212 2354; x_wconf 91' lang='lat' dir='ltr'>huic</span> <span class='ocrx_word' id='word_1_205' title='bbox 234 2314 368 2363; x_wconf 83' lang='lat' dir='ltr'>trade,</span> <span class='ocrx_word' id='word_1_206' title='bbox 393 2314 559 2356; x_wconf 88' lang='lat' dir='ltr'>amissis</span> <span class='ocrx_word' id='word_1_207' title='bbox 584 2321 780 2370; x_wconf 85' lang='lat' dir='ltr'>superant</span> <span class='ocrx_word' id='word_1_208' title='bbox 803 2316 875 2370; x_wconf 90' lang='lat' dir='ltr'>qui</span> <span class='ocrx_word' id='word_1_209' title='bbox 897 2316 1075 2358; x_wconf 88' lang='lat' dir='ltr'>navibus</span> <span class='ocrx_word' id='word_1_210' title='bbox 1100 2322 1141 2358; x_wconf 87' lang='lat' dir='ltr'>et</span> <span class='ocrx_word' id='word_1_211' title='bbox 1165 2330 1270 2369; x_wconf 90' lang='lat' dir='ltr'>quos</span> 
     </span>
     <span class='ocr_line' id='line_1_34' title="bbox 115 2375 1226 2430; baseline 0.004 -16"><span class='ocrx_word' id='word_1_212' title='bbox 115 2379 350 2428; x_wconf 84' lang='lat' dir='ltr'>pertaesum</span> <span class='ocrx_word' id='word_1_213' title='bbox 373 2375 516 2430; x_wconf 83' lang='lat' dir='ltr'>magni</span> <span class='ocrx_word' id='word_1_214' title='bbox 537 2375 690 2430; x_wconf 85' lang='lat' dir='ltr'>incepti</span> <span class='ocrx_word' id='word_1_215' title='bbox 713 2390 933 2430; x_wconf 87' lang='lat' dir='ltr'>rerumque</span> <span class='ocrx_word' id='word_1_216' title='bbox 957 2383 1121 2418; x_wconf 90' lang='lat' dir='ltr'>tuarum</span> <span class='ocrx_word' id='word_1_217' title='bbox 1145 2384 1226 2426; x_wconf 88' lang='lat' dir='ltr'>est3</span> 
     </span>
     <span class='ocr_line' id='line_1_35' title="bbox 115 2434 1181 2490; baseline 0.004 -15"><span class='ocrx_word' id='word_1_218' title='bbox 115 2434 425 2490; x_wconf 85' lang='lat' dir='ltr'>longaevosque</span> <span class='ocrx_word' id='word_1_219' title='bbox 449 2449 569 2477; x_wconf 88' lang='lat' dir='ltr'>senes</span> <span class='ocrx_word' id='word_1_220' title='bbox 594 2450 644 2477; x_wconf 86' lang='lat' dir='ltr'>ac</span> <span class='ocrx_word' id='word_1_221' title='bbox 666 2436 802 2478; x_wconf 84' lang='lat' dir='ltr'>fessas</span> <span class='ocrx_word' id='word_1_222' title='bbox 826 2451 1004 2490; x_wconf 88' lang='lat' dir='ltr'>aequore</span> <span class='ocrx_word' id='word_1_223' title='bbox 1028 2444 1181 2479; x_wconf 89' lang='lat' dir='ltr'>matres</span> 
     </span>
     <span class='ocr_line' id='line_1_36' title="bbox 117 2496 1352 2553; baseline 0.003 -17"><span class='ocrx_word' id='word_1_224' title='bbox 117 2502 157 2537; x_wconf 89' lang='lat' dir='ltr'>et</span> <span class='ocrx_word' id='word_1_225' title='bbox 181 2496 382 2550; x_wconf 87' lang='lat' dir='ltr'>quidquid</span> <span class='ocrx_word' id='word_1_226' title='bbox 405 2502 541 2538; x_wconf 89' lang='lat' dir='ltr'>tecum</span> <span class='ocrx_word' id='word_1_227' title='bbox 565 2497 792 2538; x_wconf 82' lang='lat' dir='ltr'>invalidum</span> <span class='ocrx_word' id='word_1_228' title='bbox 815 2504 1087 2552; x_wconf 87' lang='lat' dir='ltr'>metuensque</span> <span class='ocrx_word' id='word_1_229' title='bbox 1109 2498 1253 2553; x_wconf 89' lang='lat' dir='ltr'>pericli</span> <span class='ocrx_word' id='word_1_230' title='bbox 1276 2505 1352 2548; x_wconf 85' lang='lat' dir='ltr'>est,</span> 
     </span>
     <span class='ocr_line' id='line_1_37' title="bbox 117 2556 1216 2614; baseline 0.003 -16"><span class='ocrx_word' id='word_1_231' title='bbox 117 2556 271 2614; x_wconf 89' lang='lat' dir='ltr'>delige,</span> <span class='ocrx_word' id='word_1_232' title='bbox 296 2564 338 2599; x_wconf 90' lang='lat' dir='ltr'>et</span> <span class='ocrx_word' id='word_1_233' title='bbox 359 2557 425 2599; x_wconf 90' lang='lat' dir='ltr'>his</span> <span class='ocrx_word' id='word_1_234' title='bbox 449 2557 630 2600; x_wconf 82' lang='lat' dir='ltr'>habeant</span> <span class='ocrx_word' id='word_1_235' title='bbox 653 2559 771 2600; x_wconf 86' lang='lat' dir='ltr'>terris</span> <span class='ocrx_word' id='word_1_236' title='bbox 797 2559 885 2600; x_wconf 89' lang='lat' dir='ltr'>sine</span> <span class='ocrx_word' id='word_1_237' title='bbox 908 2559 1073 2601; x_wconf 87' lang='lat' dir='ltr'>moenia</span> <span class='ocrx_word' id='word_1_238' title='bbox 1095 2559 1216 2609; x_wconf 83' lang='lat' dir='ltr'>fessi3</span> 
     </span>
     <span class='ocr_line' id='line_1_38' title="bbox 117 2617 1232 2675; baseline 0.003 -16"><span class='ocrx_word' id='word_1_239' title='bbox 117 2617 263 2660; x_wconf 90' lang='lat' dir='ltr'>urbem</span> <span class='ocrx_word' id='word_1_240' title='bbox 286 2619 552 2675; x_wconf 88' lang='lat' dir='ltr'>appellabunt</span> <span class='ocrx_word' id='word_1_241' title='bbox 574 2620 778 2675; x_wconf 86' lang='lat' dir='ltr'>permisso</span> <span class='ocrx_word' id='word_1_242' title='bbox 802 2621 969 2662; x_wconf 90' lang='lat' dir='ltr'>nomine</span> <span class='ocrx_word' id='word_1_243' title='bbox 991 2620 1232 2663; x_wconf 83' lang='lat' dir='ltr'>Acestam.“</span> 
     </span>
     <span class='ocr_line' id='line_1_39' title="bbox 175 2679 1068 2732; baseline 0.002 -11"><span class='ocrx_word' id='word_1_244' title='bbox 175 2679 348 2722; x_wconf 88' lang='lat' dir='ltr'>Talibus</span> <span class='ocrx_word' id='word_1_245' title='bbox 372 2680 566 2723; x_wconf 88' lang='lat' dir='ltr'>incensus</span> <span class='ocrx_word' id='word_1_246' title='bbox 592 2681 711 2723; x_wconf 89' lang='lat' dir='ltr'>dictis</span> <span class='ocrx_word' id='word_1_247' title='bbox 738 2681 909 2723; x_wconf 86' lang='lat' dir='ltr'>senioris</span> <span class='ocrx_word' id='word_1_248' title='bbox 934 2682 1068 2732; x_wconf 88' lang='lat' dir='ltr'>amici,</span> 
     </span>
     <span class='ocr_line' id='line_1_40' title="bbox 121 2742 1101 2786; baseline 0.005 -5"><span class='ocrx_word' id='word_1_249' title='bbox 121 2747 208 2782; x_wconf 80' lang='lat' dir='ltr'>tum</span> <span class='ocrx_word' id='word_1_250' title='bbox 230 2756 328 2784; x_wconf 85' lang='lat' dir='ltr'>vero</span> <span class='ocrx_word' id='word_1_251' title='bbox 351 2742 395 2783; x_wconf 90' lang='lat' dir='ltr'>in</span> <span class='ocrx_word' id='word_1_252' title='bbox 418 2757 537 2785; x_wconf 84' lang='lat' dir='ltr'>curas</span> <span class='ocrx_word' id='word_1_253' title='bbox 563 2743 700 2785; x_wconf 90' lang='lat' dir='ltr'>animo</span> <span class='ocrx_word' id='word_1_254' title='bbox 725 2744 931 2786; x_wconf 87' lang='lat' dir='ltr'>diducitur</span> <span class='ocrx_word' id='word_1_255' title='bbox 954 2745 1101 2786; x_wconf 83' lang='lat' dir='ltr'>omnis.</span> 
     </span>
    </p>
   </div>
   <div class='ocr_carea' id='block_1_3' title="bbox 1382 283 1464 326">
    <p class='ocr_par' dir='ltr' id='par_1_3' title="bbox 1382 283 1464 326">
     <span class='ocr_line' id='line_1_41' title="bbox 1382 283 1464 326; baseline 0.012 -1"><span class='ocrx_word' id='word_1_256' title='bbox 1382 283 1464 326; x_wconf 84' lang='lat'>185</span> 
     </span>
    </p>
   </div>
   <div class='ocr_carea' id='block_1_4' title="bbox 1493 594 1557 625">
    <p class='ocr_par' dir='ltr' id='par_1_4' title="bbox 1493 594 1557 625">
     <span class='ocr_line' id='line_1_42' title="bbox 1493 594 1557 625; baseline 0 0"><span class='ocrx_word' id='word_1_257' title='bbox 1493 594 1557 625; x_wconf 79' lang='lat'>685</span> 
     </span>
    </p>
   </div>
   <div class='ocr_carea' id='block_1_5' title="bbox 1495 905 1560 936">
    <p class='ocr_par' dir='ltr' id='par_1_5' title="bbox 1495 905 1560 936">
     <span class='ocr_line' id='line_1_43' title="bbox 1495 905 1560 936; baseline -0.015 0"><span class='ocrx_word' id='word_1_258' title='bbox 1495 905 1560 936; x_wconf 83' lang='lat'>690</span> 
     </span>
    </p>
   </div>
   <div class='ocr_carea' id='block_1_6' title="bbox 1497 1214 1561 1245">
    <p class='ocr_par' dir='ltr' id='par_1_6' title="bbox 1497 1214 1561 1245">
     <span class='ocr_line' id='line_1_44' title="bbox 1497 1214 1561 1245; baseline -0.016 0"><span class='ocrx_word' id='word_1_259' title='bbox 1497 1214 1561 1245; x_wconf 82' lang='lat'>695</span> 
     </span>
    </p>
   </div>
   <div class='ocr_carea' id='block_1_7' title="bbox 1498 1524 1563 1554">
    <p class='ocr_par' dir='ltr' id='par_1_7' title="bbox 1498 1524 1563 1554">
     <span class='ocr_line' id='line_1_45' title="bbox 1498 1524 1563 1554; baseline 0 0"><span class='ocrx_word' id='word_1_260' title='bbox 1498 1524 1563 1554; x_wconf 87' lang='grc'>700</span> 
     </span>
    </p>
   </div>
   <div class='ocr_carea' id='block_1_8' title="bbox 1502 1834 1565 1864">
    <p class='ocr_par' dir='ltr' id='par_1_8' title="bbox 1502 1834 1565 1864">
     <span class='ocr_line' id='line_1_46' title="bbox 1502 1834 1565 1864; baseline 0 0"><span class='ocrx_word' id='word_1_261' title='bbox 1502 1834 1565 1864; x_wconf 84' lang='grc'>705</span> 
     </span>
    </p>
   </div>
   <div class='ocr_carea' id='block_1_9' title="bbox 1504 2143 1567 2172">
    <p class='ocr_par' dir='ltr' id='par_1_9' title="bbox 1504 2143 1567 2172">
     <span class='ocr_line' id='line_1_47' title="bbox 1504 2143 1567 2172; baseline 0 0"><span class='ocrx_word' id='word_1_262' title='bbox 1504 2143 1567 2172; x_wconf 81' lang='grc'>710</span> 
     </span>
    </p>
   </div>
   <div class='ocr_carea' id='block_1_10' title="bbox 1505 2451 1566 2481">
    <p class='ocr_par' dir='ltr' id='par_1_10' title="bbox 1505 2451 1566 2481">
     <span class='ocr_line' id='line_1_48' title="bbox 1505 2451 1566 2481; baseline 0.016 -1"><span class='ocrx_word' id='word_1_263' title='bbox 1505 2451 1566 2481; x_wconf 85' lang='grc'>715</span> 
     </span>
    </p>
   </div>
   <div class='ocr_carea' id='block_1_11' title="bbox 1505 2759 1567 2790">
    <p class='ocr_par' dir='ltr' id='par_1_11' title="bbox 1505 2759 1567 2790">
     <span class='ocr_line' id='line_1_49' title="bbox 1505 2759 1567 2790; baseline 0.016 -1"><span class='ocrx_word' id='word_1_264' title='bbox 1505 2759 1567 2790; x_wconf 80' lang='grc'>720</span> 
     </span>
    </p>
   </div>
  </div>
 </body>
</html>
