1734 3074
570 316 572 319 ’
630 319 842 347 PRAEFATIO
1362 317 1393 345 X
1400 318 1415 346 1

52 419 108 459 ‘Et
117 426 161 458 ut
170 421 252 468 ipsc
265 418 468 456 amicorum
488 416 622 452 studiis
638 415 818 452 inservire
837 425 1038 462 numquam
1055 425 1133 450 non
1147 414 1342 460 cupiebat,
1366 415 1421 450 ita

58 473 142 510 aliis
155 476 195 508 et
210 470 413 518 praecipue
426 467 601 504 irritabili
613 471 741 503 vatum
760 465 868 513 gregi
881 466 978 501 adeo
997 468 1175 512 acceptus
1189 466 1288 510 erat,
1312 470 1355 500 ut
1367 465 1419 500 in-

58 523 173 560 tranti
183 523 372 558 theatrum
384 523 488 555 totus
506 519 668 565 populus
682 516 959 553 consurrexerit
975 520 1031 562 et,
1056 515 1088 551 si
1100 527 1125 552 a
1134 515 1254 552 Bavio
1268 519 1308 552 et
1318 516 1420 552 Mae-

57 575 118 610 vio
132 571 350 611 discesseris
359 598 369 617 ,
397 582 479 606 cum
493 569 716 615 aequalibus
734 567 856 614 poetis
876 567 1049 603 omnibus
1062 578 1205 602 summa
1218 566 1423 602 concordia

34 660 40 667 ,
58 624 201 660 vixerit.
248 622 484 668 Quamquam
497 620 594 656 enim
608 620 884 655 obtrectatores
893 645 902 663 ,
918 618 1050 664 quales
1062 617 1119 652 illi
1131 620 1255 663 erant,
1268 618 1422 653 Donato

36 678 42 694 ³
59 678 213 711 auctore
225 684 428 719 numquam
441 671 476 707 ei
497 670 668 715 defuere,
694 673 819 704 tamen
833 680 930 715 quae
942 672 1140 714 praeterea
1157 669 1359 704 traduntur
1377 668 1424 705 de

39 715 43 729 ¹
58 725 250 769 simultate
269 722 459 759 Cornificii
479 725 518 757 et
529 720 683 756 Anseris
701 723 916 765 poetarum,
941 719 1144 754 admodum
1161 718 1307 755 ineerta
1325 722 1424 755 sunt.

37 770 43 802 ἶ
61 776 230 812 Candida
243 774 387 810 scilicet
399 773 522 809 anima
541 772 572 807 si
587 771 670 817 quis
684 770 780 806 alius
795 773 894 815 erat,
920 774 1141 816 castumque
1162 782 1202 807 se
1215 782 1292 806 non
1305 771 1426 807 solum

59 827 99 862 in
117 836 288 862 versuum
308 823 514 869 elegantia,
541 833 669 858 verum
687 821 798 857 etiam
817 821 855 855 in
875 832 1000 856 rerum
1025 821 1256 867 argumentis
1273 821 1426 867 vitaque

59 876 278 924 praebebat.
304 875 400 911 Nam
414 879 455 908 ut
468 873 637 908 omittam
652 872 755 918 quod
767 871 958 907 Pedianus
972 882 1018 907 ex
1032 882 1096 907 ore
1109 872 1258 907 Plotiae
1271 872 1425 908 Hieriae

61 939 101 964 se
125 925 317 972 accepisse
330 924 446 960 refert
469 923 569 969 apud
588 922 782 958 Donatum
795 923 825 966 §-
843 922 901 966 21,
920 933 968 957 ne
987 921 1089 956 fama
1102 922 1252 967 quidem
1269 922 1425 967 puerilis

61 977 197 1014 amoris
222 976 270 1024 (v.
288 975 448 1020 interpp.
470 975 519 1009 ad
539 974 607 1009 ecl.
626 973 682 1016 11)
697 984 719 1008 a
738 972 911 1008 Martiale
928 976 968 1007 et
984 971 1175 1018 Appuleio
1200 972 1239 1007 in
1258 972 1425 1008 deterius

63 1029 211 1064 detorta
225 1030 368 1062 tantum
382 1025 518 1070 valuit,
543 1028 586 1059 ut
598 1024 676 1059 ulla
687 1035 863 1069 umquam
877 1027 982 1059 aetas
996 1023 1085 1058 huic
1099 1023 1201 1058 laudi
1212 1023 1425 1058 obtrectare

0 1102 1 1107 ,
62 1077 290 1113 sustinuerit.
337 1077 418 1112 Nec
436 1078 642 1122 repugnat,
668 1074 770 1120 quod
787 1074 942 1119 Epicuri
962 1074 1171 1109 doctrinam
1190 1077 1320 1119 aperte
1341 1084 1426 1119 pro-

60 1128 188 1165 fitetur
198 1126 432 1162 inBucolicis
440 1129 554 1172 atque
563 1124 774 1170 Georgicis.
798 1124 844 1159 In
854 1136 929 1170 qua
941 1129 1066 1160 tamen
1074 1135 1336 1170 perseverasse
1348 1135 1427 1159 non

61 1179 227 1224 videtur3
252 1189 339 1213 nam
350 1177 390 1212 in
401 1176 594 1213 Aeneidos
606 1176 703 1211 libro
720 1179 825 1211 sexto
840 1176 889 1211 ad
901 1175 1074 1211 Platonis
1086 1175 1229 1221 placita
1243 1176 1288 1211 de
1303 1176 1427 1211 anima

61 1229 235 1275 inclinat,
260 1240 331 1264 nec
343 1226 564 1263 incredibile
589 1237 675 1262 reor
694 1226 796 1273 quod
821 1226 982 1261 traditur
994 1224 1165 1262 Aeneide
1182 1226 1297 1272 plane
1317 1226 1426 1261 abso-

61 1280 143 1315 luta
165 1280 204 1315 in
228 1278 490 1325 philosophiae
515 1289 688 1313 recessus
709 1288 791 1312 sese
816 1277 983 1323 recipere
1004 1280 1043 1312 et
1059 1276 1099 1312 in
1117 1275 1298 1313 Academi
1325 1276 1427 1312 silvis

63 1331 154 1378 quid
168 1342 293 1366 verum
305 1334 406 1366 esset
419 1341 598 1376 quaerere
611 1329 787 1364 voluisse.

131 1384 162 1426 §-
170 1382 202 1416 6.
226 1382 285 1416 Ae
293 1393 316 1416 n
326 1392 345 1416 e
353 1381 365 1415 i
374 1382 398 1416 d
406 1392 427 1416 o
437 1394 454 1415 s
468 1380 698 1426 exspectatio
706 1379 778 1414 fuit
784 1380 886 1415 haud
893 1379 1041 1426 exigua,
1051 1391 1163 1426 quam
1171 1381 1425 1417 auxeratVer-

63 1432 143 1480 gilii
156 1431 296 1468 amicus
310 1432 482 1478 idemque
494 1432 534 1466 in
547 1430 883 1467 Alexandrinorum
896 1435 1094 1476 poetarum
1108 1431 1232 1466 studio
1249 1435 1425 1467 constan-

63 1483 138 1518 tior
148 1483 371 1527 aemulator,
395 1482 614 1528 Propertius
626 1482 650 1516 1.
664 1481 688 1516 1.
697 1508 707 1527 ,
727 1485 766 1517 et
783 1481 864 1527 ipse
877 1481 1073 1528 Augustus
1087 1493 1213 1517 morae
1227 1482 1426 1528 impatiens

63 1537 105 1568 ut
113 1544 206 1579 opus
214 1537 433 1578 properaret
446 1544 530 1568 eum
543 1533 762 1568 exhortatus
777 1535 845 1567 est.
872 1532 984 1574 Quod
996 1532 1070 1567 iam
1084 1532 1172 1568 dea.
1181 1533 1258 1568 729.
1265 1536 1428 1568 testatur

63 1583 277 1619 Macrobius
291 1582 368 1618 Sat.
379 1583 410 1628 Ι,
424 1583 479 1618 24.
488 1583 645 1630 Vergilii
659 1583 707 1619 ad
715 1582 930 1629 Augustum
944 1583 1042 1618 datis
1056 1583 1205 1629 litteris,
1220 1595 1316 1629 quae
1330 1583 1429 1618 infra

64 1635 241 1680 leguntur
259 1632 340 1669 Cat.
359 1633 444 1670 XV.
490 1634 541 1669 Et
556 1634 771 1679 impetravit
783 1638 898 1678 certe,
918 1637 961 1668 ut
979 1634 1171 1679 Vergilius
1192 1634 1264 1669 sibi
1283 1634 1429 1679 aliquot

34 1711 39 1714 -
65 1685 181 1720 libros
192 1685 254 1719 vel
266 1684 434 1730 integros
453 1685 514 1720 vel
532 1696 577 1719 ex
588 1688 695 1730 parte
714 1683 901 1719 recitaret.
947 1684 1043 1719 Nam
1056 1685 1102 1719 de
1117 1688 1250 1730 quarto
1271 1695 1428 1719 consen-

65 1735 164 1770 tiunt
174 1734 348 1770 Donatus
368 1735 399 1778 5.
411 1734 467 1769 46.
482 1738 521 1770 et
534 1733 684 1770 Servius
698 1734 748 1768 ad
759 1747 793 1770 v.
806 1734 885 1768 324.
901 1745 982 1769 non
994 1734 1114 1779 magis
1129 1745 1242 1780 quam
1255 1735 1300 1769 de
1314 1734 1429 1769 versi-

65 1785 136 1820 bus
150 1787 255 1820 sexto
267 1784 365 1819 libro
378 1784 416 1819 in
427 1784 609 1820 honorem
622 1784 792 1820 Marcelli
811 1784 980 1828 insertis3
1005 1784 1043 1819 in
1063 1783 1197 1819 ceteris
1216 1784 1270 1819 ita
1290 1784 1428 1819 discre-

65 1838 170 1880 pant,
182 1839 225 1870 ut
236 1834 472 1870 librariorum
485 1835 596 1880 culpa
610 1846 692 1870 esse
706 1835 887 1870 videatur.
911 1834 986 1870 Hic
999 1834 1096 1870 enim
1109 1835 1227 1869 libros
1239 1835 1269 1869 I.
1282 1834 1351 1869 111.
1359 1835 1426 1880 IV,

65 1885 192 1922 iueII.
209 1885 274 1922 IV.
288 1886 352 1922 VI.
372 1885 490 1921 fuisse
508 1885 634 1921 tradit.
680 1886 820 1931 Ingens
839 1889 963 1920 autem
981 1885 1106 1931 gratia
1123 1885 1324 1931 favorque,
1351 1896 1426 1931 quo

65 1935 206 1972 Aeneis
220 1935 268 1971 ab
287 1936 509 1982 aequalibus
524 1940 682 1982 excepta
695 1940 753 1971 est
766 1938 869 1981 (nam
889 1936 936 1971 de
954 1936 1230 1981 posterioribus
1250 1936 1427 1981 tempori-

64 1987 136 2022 bus
149 1986 210 2022 hic
224 1986 347 2021 dicere
360 1997 437 2021 non
449 1986 614 2031 attinet),
628 1986 764 2032 partim
777 1997 822 2022 cx
836 1986 980 2022 caussis
993 1986 1226 2022 extrinsecus
1240 1987 1426 2032 petendis,

64 2037 200 2084 partim
211 2049 257 2074 ex
267 2037 386 2084 ipsius
399 2038 524 2084 operis
542 2038 776 2084 praestantia
789 2039 1033 2085 explicandus
1047 2042 1115 2075 est.
1163 2038 1316 2074 Cunctis
1329 2039 1428 2075 enim

65 2088 144 2124 fere
164 2088 214 2124 ad
230 2088 508 2124 venerationem
519 2089 638 2124 Iuliae
652 2089 775 2135 gentis
795 2090 1004 2135 conversis,
1029 2090 1190 2136 ipsoque
1205 2090 1427 2136 Octaviano,

66 2138 153 2174 dum
170 2139 315 2175 abolita
337 2140 517 2177 reducere
542 2140 675 2186 cupiit,
701 2152 846 2176 omnem
872 2140 1106 2187 antiquitatis
1131 2142 1348 2178 memoriam
1373 2142 1428 2177 fo-

65 2193 193 2234 vente,
217 2201 288 2226 nec
311 2190 512 2236 largiorem
530 2202 600 2226 nec
623 2191 822 2226 iucundius
847 2192 1070 2238 dispositam
1093 2193 1286 2228 materiem
1309 2193 1428 2228 ullum

67 2250 162 2286 opus
185 2240 224 2275 in
248 2252 355 2276 usum
369 2241 641 2287 elegantiorum
665 2242 856 2278 hominum
881 2243 1128 2289 compositum
1154 2255 1265 2289 quam
1288 2243 1428 2280 Aeneis

66 2290 247 2336 praebere
259 2292 394 2336 potuit,
408 2291 482 2327 iam
494 2296 538 2327 ut
549 2304 641 2338 epos
647 2293 838 2339 plerisque
852 2298 1059 2339 acceptum.
1084 2294 1291 2329 Plurimum
1305 2298 1429 2330 autem

67 2341 264 2375 valuerunt
274 2341 391 2386 ipsius
406 2343 579 2378 carminis
591 2343 761 2388 virtutes,
777 2355 873 2390 quae
888 2344 1102 2380 consistunt
1113 2345 1271 2390 primum
1284 2345 1322 2380 in
1335 2345 1430 2380 mira

69 2390 230 2436 quadam
242 2391 440 2426 verborum
451 2393 692 2438 proprietate,
707 2394 863 2430 maxime
876 2394 915 2429 in
929 2395 1157 2430 caerimonia
1170 2400 1208 2430 et
1219 2406 1259 2431 re
1272 2395 1427 2440 forensi,

69 2451 180 2486 quam
197 2451 268 2476 nec
288 2439 433 2476 Gellius
453 2442 520 2487 (11,
538 2443 611 2488 26.)
635 2443 853 2490 ignorabat,
880 2445 1204 2491 diligentissimum
1230 2446 1429 2481 verborum

67 2490 275 2537 Vergilium
287 2492 485 2537 appellans
494 2520 503 2538 ,
530 2498 568 2528 et
579 2498 731 2539 praeter
744 2494 913 2531 Servium
931 2496 1084 2531 uberius
1098 2496 1338 2542 persequitur
1351 2497 1429 2532 Ma·

69 2541 231 2577 crebius.
276 2541 487 2588 Diligentia
509 2547 635 2579 autem
658 2545 754 2580 haec
778 2556 824 2581 ex
842 2550 949 2591 parte
967 2547 1159 2582 nitebatur
1175 2547 1214 2581 in
1232 2547 1429 2583 recondita

69 2591 238 2628 doctrina
257 2592 306 2628 ab
318 2591 583 2628 Alexandrinis
601 2595 722 2640 petita
740 2597 791 2639 (v.
805 2596 973 2631 Macrob.
988 2596 1064 2632 Sat.
1082 2597 1129 2642 V,
1143 2597 1235 2643 22),
1261 2609 1372 2644 quam
1389 2598 1428 2633 in

69 2642 229 2678 externis
249 2643 363 2678 sacris
382 2643 482 2679 idem
501 2645 706 2680 admiratur
723 2646 786 2680 lib.
801 2647 868 2681 ΙΙΙ.
887 2645 1108 2683 Accedebat
1125 2648 1332 2684 rhetorices
1352 2652 1427 2684 stu-

70 2692 169 2727 dium
181 2694 416 2729 acerrimum:
441 2697 575 2730 excellit
596 2696 694 2731 enim
713 2697 917 2732 secundum
930 2698 1163 2734 Macrobium
1175 2699 1222 2744 V,
1237 2699 1270 2734 1.
1281 2700 1318 2734 in
1336 2701 1431 2735 omm’

69 2744 139 2778 stili
146 2756 287 2790 ρεπεν-ει
299 2756 373 2792 quo
388 2746 532 2781 animos
546 2748 814 2783 commovendo
822 2759 944 2784 mores
959 2749 1175 2796 corrigebat
1182 2750 1425 2786 oblectando-

72 2804 143 2840 que
156 2795 334 2840 docebat,
347 2795 387 2831 id
401 2797 502 2842 quod
514 2797 716 2843 praecipue
731 2798 919 2843 ingeniosi
930 2803 1066 2844 poetae
1073 2800 1302 2836 habebatur.
1349 2799 1424 2836 Ad-
