1780 3074
578 266 832 305 AENEIDOS
851 266 948 302 LIB.
967 266 1032 304 IV.
1267 290 1272 292 γ
1403 253 1482 296 157

121 378 238 435 orgia
259 382 568 429 nocturnusque
591 378 714 415 vocat
737 372 915 414 clamore
941 370 1178 413 Cithaeron.

123 441 287 483 tandem
310 439 375 481 his
401 437 577 479 Aenean
601 435 807 492 conpellat
829 433 1002 476 vocibus
1026 433 1152 475 ultro:

180 500 482 553 „Dissimulare
507 499 631 540 etiam
656 497 848 554 sperasti,
873 496 1048 553 perfide,
1073 501 1234 537 tantum
1511 505 1576 536 305

120 580 244 622 posse
269 564 387 605 nefas
413 563 644 616 tacitusque
667 575 762 602 mea
785 559 983 602 decedere
1008 558 1140 600 terra?

121 642 198 670 nec
221 633 261 668 te
286 632 425 667 noster
450 639 582 674 amor,
607 638 685 665 nee
709 630 748 664 te
773 622 870 664 data
894 622 1064 663 dextera
1087 620 1308 676 quondam,

122 703 199 731 nec
222 688 419 730 moritura
444 692 554 727 tenet
578 685 733 727 erudeli
758 684 902 726 funere
925 683 1067 725 Dido?

123 751 223 806 quin
246 750 370 792 etiarn
393 747 564 790 hiberno
588 746 744 788 moliris
771 746 904 788 sidere
929 746 1106 788 classem

123 823 163 855 et
186 812 332 854 mediis
356 824 553 866 properas
579 808 839 863 aquilonibus
863 808 924 850 ire
946 823 1022 864 per
1045 808 1188 858 altum,
1513 818 1578 848 310

123 874 325 918 crudelis?
348 872 471 927 quid?
496 871 531 913 si
554 886 638 913 non
662 885 762 911 arva
791 870 926 912 aliena
949 871 1178 925 domosque

121 937 285 993 ignotas
308 941 489 990 peteres,
515 939 556 974 et
580 931 707 974 Troia
731 932 901 987 antiqua
924 938 1122 983 maneret,

123 998 248 1040 Troia
271 1011 345 1053 per
368 995 575 1037 undosum
598 1000 807 1050 peteretur
830 994 1035 1037 classibus
1060 994 1239 1048 aequor?

122 1074 242 1102 mene
265 1058 404 1114 fugis?
427 1072 501 1113 per
525 1071 603 1114 ego
626 1056 702 1098 has
727 1056 918 1098 lacrimas
945 1057 1215 1111 dextramque
1241 1062 1355 1097 tuam
1380 1061 1420 1097 te
1434 1081 1488 1085 —-

122 1123 286 1178 quando
311 1120 422 1162 aliud
446 1119 548 1161 mihi
570 1119 654 1160 iam
677 1119 854 1161 miserae
878 1119 980 1161 nihil
1003 1120 1096 1176 ipsa
1118 1119 1266 1173 reliqui
1290 1144 1345 1149 —-
1516 1131 1580 1161 315)

122 1199 196 1240 per
219 1183 396 1226 conubia
418 1187 578 1232 nostra,
602 1195 678 1236 per
699 1181 887 1236 inceptos
911 1181 1179 1237 hymenaeos,

124 1248 159 1289 si
183 1246 289 1289 bene
313 1245 414 1300 quid
438 1245 489 1286 de
513 1250 553 1285 te
577 1243 727 1294 merui,
754 1243 833 1285 fuit
856 1250 928 1286 aut
950 1244 1026 1286 tibi
1050 1245 1274 1299 quicquam

124 1310 244 1351 dulce
268 1323 426 1358 meum,
451 1307 646 1349 miserere
670 1307 819 1349 domus
843 1307 1020 1350 labentis
1045 1315 1086 1350 et
1108 1308 1246 1356 istam,

125 1387 215 1422 oro,
241 1371 276 1413 si
301 1370 394 1425 quis
419 1369 555 1412 adhuc
577 1369 771 1425 precibus
795 1369 932 1421 loeus,
958 1385 1063 1412 exue
1087 1372 1282 1411 mentem.

125 1446 166 1476 te
188 1439 356 1489 propter
378 1432 567 1487 Libycae
591 1438 737 1489 gentes
761 1431 1081 1487 Nomadumque
1104 1432 1269 1488 tyranni
1518 1444 1583 1474 320

126 1497 267 1546 odere,
292 1495 446 1538 infensi
469 1495 586 1551 Tyrii
594 1512 605 1547 3
631 1502 671 1537 te
695 1502 864 1551 propter
887 1496 1065 1537 eundem

126 1559 352 1601 exstinctus
376 1558 511 1615 pudor
535 1563 593 1609 et,
619 1572 702 1613 qua
727 1559 815 1600 sola
840 1559 976 1600 sidera
999 1558 1178 1608 adibam,

125 1620 239 1662 fama
260 1621 384 1676 prior.
411 1620 478 1662 cui
501 1635 568 1662 me
593 1620 883 1662 moribundam
907 1621 1083 1671 deseris,
1108 1619 1289 1675 hospes?

126 1682 207 1724 hoc
231 1682 365 1724 solum
388 1697 541 1725 nomen
564 1683 761 1737 quoniam
785 1684 837 1725 de
861 1682 1036 1739 coniuge
1060 1688 1200 1724 restat.

127 1744 227 1799 quid
250 1745 412 1787 moror?
435 1760 489 1786 an
512 1759 606 1786 mea
628 1744 880 1802 Pygmalion
903 1746 1003 1787 dum
1027 1745 1191 1787 moenia
1213 1744 1342 1787 frater
1520 1758 1584 1790 325

128 1807 312 1849 destruat
336 1812 407 1848 aut
431 1812 594 1862 captam
618 1807 744 1849 ducat
769 1805 972 1850 Gaetulus
997 1806 1170 1849 Iarbas?

128 1868 274 1911 saltem
299 1868 334 1910 si
358 1882 441 1923 qua
463 1868 565 1910 mihi
588 1869 639 1911 de
664 1875 704 1911 te
729 1876 923 1925 suscepta
946 1869 1096 1912 fuisset

128 1936 221 1972 ante
245 1930 391 1987 fugam
416 1929 601 1981 suboles,
628 1931 664 1974 si
687 1932 780 1986 quis
805 1932 906 1974 mihi
929 1932 1128 1988 parvulus
1153 1932 1250 1975 aula

126 1991 287 2034 luderet
309 1991 497 2043 Aeneas,
523 1993 595 2047 qui
618 1999 659 2036 te
683 1999 822 2036 tamen
845 2009 914 2037 ore
938 1994 1122 2046 referret,

126 2070 211 2096 non
235 2054 426 2109 equidem
450 2056 618 2098 omnino
642 2062 764 2112 capta
788 2072 836 2099 ac
860 2057 1026 2099 deserta
1048 2057 1252 2099 viderer.“
1520 2069 1584 2100 330

182 2116 372 2158 Dixerat.
397 2117 466 2158 ille
489 2117 604 2160 Iovis
629 2119 796 2161 monitis
821 2119 979 2161 inmota
1003 2119 1172 2161 tenebat

128 2177 284 2219 lumina
308 2185 348 2220 et
371 2178 548 2221 obnixus
573 2194 714 2221 curam
739 2181 817 2223 sub
842 2182 964 2223 corde
987 2181 1214 2237 premebat.

130 2239 297 2280 tandem
319 2253 453 2294 pauca
476 2240 619 2282 refert:
648 2256 753 2297 „ego
777 2248 836 2293 te,
863 2258 970 2297 quae
992 2243 1172 2298 plurima
1194 2243 1324 2285 fando

132 2314 370 2342 enumerare
394 2300 527 2350 vales,
552 2317 798 2356 numquam,
822 2305 986 2360 regina,
1011 2304 1178 2360 negabo

131 2361 413 2417 promeritam,
438 2376 515 2404 nec
539 2378 604 2404 me
629 2365 867 2406 meminisse
891 2365 1053 2421 pigebit
1075 2366 1255 2416 Elissae,
1521 2379 1585 2410 335

132 2424 231 2465 dum
255 2438 413 2466 memor
435 2424 524 2479 ipse
547 2425 648 2475 mei,
674 2426 774 2468 dum
798 2427 966 2482 spiritus
991 2427 1067 2468 hos
1092 2428 1200 2483 regit
1223 2434 1350 2469 artus.

130 2500 205 2541 pro
229 2500 273 2527 re
297 2500 431 2541 pauca
454 2486 609 2541 loquar.
634 2501 770 2542 neque
795 2502 875 2544 ego
899 2488 1007 2530 hanc
1032 2488 1286 2531 abscondere
1312 2491 1421 2531 fuito

133 2547 312 2603 speravi,
338 2562 391 2590 ne
415 2548 544 2604 finge,
570 2549 732 2604 fugam,
757 2565 834 2592 nec
859 2550 1046 2606 coniugis
1069 2565 1269 2606 umquam

132 2609 344 2664 praetendi
367 2611 509 2652 taedas
535 2616 607 2652 aut
629 2610 766 2653 haec
755 2627 798 2653 m
821 2586 1008 2654 foedera⁰
1013 2612 1120 2654 veni.

134 2685 200 2712 me
224 2671 259 2712 si
283 2671 370 2714 fata
392 2673 496 2715 meis
519 2679 758 2728 paterentur
780 2674 930 2716 ducere
954 2674 1082 2716 vitam
1519 2690 1585 2720 340

135 2732 328 2788 auspiciis
353 2740 394 2776 et
417 2741 562 2790 sponte
586 2750 679 2777 mea
702 2750 932 2792 conponere
957 2751 1090 2788 curas,
