1820 3080
407 288 491 332 264
808 296 847 328 P.
866 293 1096 329 VERGILII
1114 291 1337 328 MARONIS

406 399 440 440 si
465 413 545 452 qua
568 397 648 438 tuis
673 410 865 448 umquam
890 408 963 449 pro
989 408 1052 435 me
1076 400 1192 448 pater
1213 393 1423 448 Hyrtacus
1448 394 1528 436 aris

316 473 381 504 405
405 460 510 500 dona
533 457 640 506 tulit,
667 456 701 497 si
724 470 805 509 qua
828 455 915 509 ipse
940 455 1040 496 meis
1066 453 1279 495 venatibus
1304 454 1411 504 auxi,

405 518 650 574 suspendive
675 516 785 557 tholo
809 522 879 556 aut
904 530 1020 557 sacra
1043 515 1095 556 ad
1117 515 1284 570 fastigia
1307 515 1390 564 fixi,

403 580 512 621 hunc
536 579 622 619 sine
647 592 711 618 me
735 576 898 618 turbare
922 576 1091 632 globum
1116 583 1156 617 et
1177 591 1274 632 rege
1299 576 1378 617 tela
1400 591 1473 631 per
1496 580 1655 618 auras.“

403 640 560 680 dixerat
583 644 623 680 et
646 644 731 680 toto
755 637 952 679 connixus
977 651 1145 692 corpore
1168 637 1320 678 ferrum

404 700 561 741 conicit.
586 699 705 740 hasta
727 698 870 740 volans
894 698 1023 739 noctis
1049 697 1276 739 diverberat
1299 697 1464 740 umbras

315 775 379 804 410
404 768 443 801 ct
467 761 577 801 venit
601 760 762 802 adversi
784 759 827 800 in
851 766 1010 814 tergum
1036 757 1264 808 Sulmonis,
1290 758 1426 812 ibique

403 822 622 876 frangitur,
649 835 697 862 ac
720 821 817 862 fisso
842 821 985 861 transit
1008 820 1245 874 praecordia
1266 819 1390 875 ligno.

403 882 580 924 volvitur
602 882 670 923 ille
692 896 862 923 vomens
887 881 1063 922 calidum
1087 881 1138 922 de
1161 886 1324 936 pectore
1347 881 1500 922 flumen

404 943 577 999 frigidus
602 949 642 984 et
664 942 798 998 longis
823 942 1069 998 singultibus
1093 942 1163 983 ilia
1184 941 1332 997 pulsat.

406 1004 556 1046 diversi
580 1004 921 1058 circumspiciunt.
946 1003 1025 1045 hoc
1049 1003 1179 1044 acrior
1200 1003 1309 1044 idem

318 1080 383 1110 415
407 1079 500 1106 ecce
525 1065 634 1106 aliud
659 1080 819 1106 summa
841 1064 966 1105 telum
988 1063 1163 1105 librabat
1186 1063 1237 1105 ab
1261 1078 1370 1105 aure.

407 1127 504 1167 dum
528 1126 747 1180 trepidant,
771 1125 804 1166 it
826 1125 945 1166 hasta
967 1125 1086 1180 Tago
1109 1139 1182 1179 per
1204 1130 1364 1179 tempus
1389 1130 1605 1178 utrumque

408 1187 600 1237 stridens,
625 1187 872 1240 traiectoque
895 1186 1027 1228 haesit
1051 1186 1254 1240 tepefacta
1277 1185 1455 1226 cerebro.

409 1247 537 1289 saevit
560 1253 675 1288 atrox
698 1246 918 1296 Volscens,
943 1261 1019 1288 nec
1042 1246 1112 1287 teli
1135 1246 1332 1301 conspicit
1354 1260 1530 1299 usquam

408 1314 631 1357 auctorem,
657 1322 733 1348 nec
756 1322 837 1361 quo
863 1322 906 1348 se
930 1307 1077 1348 ardens
1101 1307 1302 1348 inmittere
1325 1306 1467 1361 possit.

319 1381 385 1412 420
411 1377 480 1420 „tu
504 1375 639 1410 tamen
662 1369 816 1409 interea
839 1368 970 1409 calido
993 1368 1093 1409 mihi
1117 1368 1314 1423 sanguine
1337 1381 1491 1422 poenas

407 1429 615 1484 persolves
640 1429 879 1471 amborum“
903 1429 1054 1483 inquit3
1080 1429 1200 1470 simul
1224 1443 1321 1469 ense
1344 1428 1503 1469 recluso

407 1490 494 1531 ibat
515 1490 558 1531 in
580 1490 820 1545 Euryalum.
845 1495 933 1531 tum
955 1504 1052 1531 vero
1077 1489 1311 1538 exterritus,
1336 1503 1490 1539 amens,

409 1551 635 1592 conclamat
655 1551 800 1592 Nisus:
825 1565 901 1592 nec
925 1565 970 1593 se
994 1551 1125 1592 celare
1148 1549 1325 1592 tenebris

410 1612 583 1667 amplius
608 1618 678 1653 aut
701 1618 858 1653 tantum
881 1612 1013 1667 potuit
1035 1612 1215 1667 perferre
1238 1611 1437 1652 dolorem:

320 1685 385 1715 425
412 1687 521 1723 „me‚
546 1687 630 1722 me,
657 1673 820 1723 adsum,
845 1673 916 1727 qui
939 1673 1037 1724 feci,
1061 1673 1105 1714 in
1127 1687 1193 1714 me
1217 1672 1437 1714 convertite
1460 1671 1624 1720 serrum,

409 1748 434 1774 o
458 1733 618 1775 Rutuli!
643 1748 736 1775 mea
757 1733 870 1776 fraus
895 1735 1047 1785 omnis3
1069 1734 1171 1775 nihil
1193 1734 1270 1774 iste
1293 1747 1370 1774 nec
1392 1747 1530 1782 ausus,

408 1808 485 1835 nec
506 1794 657 1849 potuit3
683 1794 839 1835 caelum
863 1795 942 1836 hoc
965 1801 1005 1836 et
1029 1794 1192 1836 conscia
1215 1795 1349 1836 sidera
1371 1799 1515 1843 test0r3

410 1861 567 1897 tantum
589 1854 795 1896 infelicem
817 1855 988 1896 nimium
1012 1855 1154 1896 dilexit
1176 1855 1391 1895 amicum.“

410 1915 506 1956 talia
529 1915 637 1956 dicta
660 1914 802 1964 dabat,
828 1916 900 1956 sed
923 1915 1077 1956 viribus
1103 1915 1212 1956 ensis
1236 1914 1405 1955 adactus

322 1987 385 2018 430
411 1974 622 2016 transabiit
646 1981 779 2016 costas
804 1981 844 2016 et
867 1975 1040 2016 candida
1062 1981 1229 2029 pectora
1250 1974 1414 2029 rumpit.

409 2035 586 2076 volvitur
607 2035 813 2090 Euryalus
837 2036 936 2086 leto,
960 2036 1234 2091 pulchrosque
1256 2049 1330 2090 per
1353 2041 1464 2076 artus

409 2096 442 2137 it
464 2110 599 2146 cruor,
623 2096 747 2150 inque
770 2096 962 2138 humeros
986 2097 1124 2138 cervix
1147 2096 1340 2151 conlapsa
1361 2094 1573 2145 recumbit,

409 2171 637 2211 purpureus
660 2157 786 2198 veluti
810 2172 903 2198 cum
926 2157 1002 2198 flos
1027 2156 1210 2199 succisus
1234 2162 1366 2198 ara-tro

409 2217 639 2272 languescit
662 2218 858 2268 moriens,
882 2218 1045 2259 lassove
1067 2232 1274 2272 papavera
1296 2217 1400 2258 collo

323 2290 386 2321 435
411 2278 610 2319 demisere
635 2284 774 2333 caput,
799 2278 939 2333 pluvia
961 2293 1055 2320 cum
1078 2279 1182 2320 forte
1205 2284 1437 2333 gravantur.

411 2344 453 2379 at
474 2338 600 2380 Nisus
623 2340 704 2381 ruit
726 2340 770 2380 in
793 2340 968 2389 medios,
994 2339 1206 2393 solumque
1228 2353 1302 2394 per
1324 2338 1455 2380 omnis

410 2399 675 2441 Volscentem
698 2401 817 2455 petit,
841 2401 885 2441 in
909 2401 996 2442 solo
1019 2399 1241 2442 Volscente
1263 2405 1454 2441 moratur.

411 2474 533 2513 quem
558 2461 709 2503 circum
738 2461 952 2516 glomerati
974 2461 1115 2502 hostes
1138 2460 1234 2501 hinc
1257 2460 1630 2512 comminusatque
1654 2457 1750 2499 hinc

410 2520 660 2575 proturbant.
685 2522 809 2562 instat
831 2536 914 2563 non
938 2522 1064 2563 setius
1089 2535 1138 2563 ac
1159 2526 1266 2562 rotat
1288 2534 1428 2562 ensem

323 2594 388 2623 440
412 2581 671 2631 fulmineum,
697 2582 827 2623 donec
849 2581 993 2624 Rutuli
1016 2581 1228 2623 clamantis
1252 2581 1295 2621 111
1319 2594 1387 2621 ore

413 2642 593 2682 condidit
615 2642 789 2684 adverso
813 2648 854 2684 et
876 2642 1052 2686 moriens
1076 2641 1253 2683 animam
1277 2639 1444 2682 abstulit
1465 2638 1584 2680 hosti.

413 2708 499 2743 tum
524 2717 645 2757 super
668 2704 900 2744 exanimum
925 2717 1015 2744 sese
1038 2702 1208 2758 proiecit
1230 2701 1405 2742 amicum
