1820 3080
423 309 505 349 292
822 314 863 347 P.
887 310 1114 348 VERGILII
1133 309 1357 346 MARONIS

422 432 502 471 qua
525 431 596 457 rex
622 414 803 456 Clusinis
828 413 1023 453 advectus
1051 409 1223 452 Osinius
1248 411 1342 451 oris.

334 495 396 523 655
421 479 500 518 huc
525 491 614 517 sese
639 475 795 529 trepida
819 473 986 514 Aeneae
1009 472 1204 527 fugientis
1227 472 1366 527 imago

421 538 567 580 conicit
589 537 632 577 in
655 535 850 583 latebras,
876 548 952 575 nec
976 533 1142 575 Turnus
1167 533 1331 588 segnior
1354 533 1491 582 instat,

421 604 717 652 exsuperatque
741 611 876 636 moras
901 601 942 636 et
963 601 1109 650 pontes
1134 594 1308 635 transilit
1331 594 1448 635 altos.

420 660 489 700 vix
511 674 673 714 proram
697 658 903 712 attigerat:
929 656 1080 711 rumpit
1106 654 1299 698 Saturnia
1323 655 1475 705 funem,

421 721 684 773 avolsamque
707 719 812 774 rapit
835 718 1020 760 revoluta
1042 732 1115 773 per
1139 732 1315 771 aequora
1338 732 1497 758 navem.

334 796 396 824 1550
421 782 535 822 illum
559 789 695 822 autem
718 780 885 821 Aeneas
910 779 1122 821 absentem
1145 779 1189 820 in
1211 778 1364 834 proelia
1387 778 1538 832 poscit3

423 843 545 884 obvia
567 842 696 883 multa
719 842 853 882 virum
876 841 1051 882 demittit
1075 854 1244 894 corpora
1267 840 1398 881 morti.

421 910 507 944 tum
530 903 632 944 levis
658 903 768 944 haud
793 902 897 943 ultra
919 901 1096 943 latebras
1121 901 1201 942 iam
1225 901 1382 954 quaerit
1405 901 1554 955 imago,

422 965 493 1005 sed
518 964 691 1005 sublime
715 964 857 1012 volans
881 962 981 1004 nubi
1005 977 1049 1004 se
1072 962 1278 1003 inmiscuit
1301 967 1424 1011 atrae,

421 1040 515 1065 cum
539 1025 725 1065 Turnum
748 1024 883 1065 medio
906 1024 1061 1064 interea
1084 1023 1162 1064 fert
1185 1036 1361 1076 aequore
1384 1021 1516 1063 turbo.

335 1100 397 1129 005
420 1085 585 1139 respicit
608 1085 774 1140 ignarus
798 1099 934 1125 rerum
956 1084 1221 1139 ingratusque
1246 1082 1386 1124 salutis

422 1152 462 1187 ct
485 1146 658 1200 duplicis
683 1159 776 1186 cum
801 1159 901 1186 voce
924 1159 1069 1185 manus
1095 1145 1147 1185 ad
1171 1144 1304 1185 sidera
1327 1143 1472 1184 tendit:

425 1207 705 1261 „omnipotens
729 1206 905 1260 genitor,
932 1211 1074 1246 tanton
1096 1219 1162 1245 me
1186 1204 1352 1245 crimine
1376 1204 1546 1258 dignum

423 1267 576 1308 duxisti
599 1273 639 1307 et
662 1266 753 1307 talis
778 1265 943 1307 voluisti
967 1265 1196 1320 expendere
1219 1264 1398 1319 poenas?
1709 1313 1712 1315 v

423 1342 505 1380 quo
528 1327 660 1368 feror?
683 1327 791 1367 unde
815 1325 921 1367 abii?
944 1340 1049 1379 quae
1072 1340 1138 1366 me
1162 1325 1281 1380 fuga,
1307 1338 1483 1378 quemve
1506 1323 1688 1365 reducit?

337 1402 400 1432 670
422 1388 697 1429 Laurentisne
720 1387 866 1427 iterum
889 1402 1028 1428 muros
1053 1392 1124 1427 aut
1147 1392 1281 1427 castra
1303 1385 1477 1427 videbo?

424 1449 523 1502 quid
546 1463 692 1489 manus
717 1448 787 1488 illa
809 1448 960 1497 virum,
986 1448 1057 1500 qui
1080 1461 1146 1488 me
1170 1461 1341 1500 meaque
1366 1462 1478 1488 arma
1502 1445 1656 1487 secuti?

423 1524 579 1563 quosne
603 1534 657 1539 —
680 1508 797 1549 nefas
822 1533 876 1539 —
901 1509 1032 1550 omnis
1056 1508 1224 1550 infanda
1247 1508 1290 1549 in
1313 1513 1442 1548 morte
1465 1507 1623 1560 reliqui,

425 1580 464 1612 et
477 1585 595 1616 ,nunc
618 1570 802 1625 palantes
827 1570 965 1619 video,
990 1570 1269 1625 gemitumque
1294 1569 1511 1610 cadentum

425 1632 604 1686 accipio?
626 1632 725 1685 quid
749 1631 853 1687 ago?
876 1638 946 1672 aut
970 1645 1075 1685 quae
1098 1631 1181 1672 iam
1205 1631 1303 1672 satis
1327 1631 1411 1671 ima
1433 1629 1616 1670 dehiscat

337 1707 399 1737 675
425 1700 530 1734 terra
552 1692 677 1733 mihi?
701 1707 773 1734 vos
799 1707 824 1734 o
846 1693 982 1747 potius
1006 1692 1273 1742 miserescite,
1299 1691 1427 1741 venti3

424 1755 467 1795 in
489 1769 629 1808 rupes,
654 1754 697 1794 in
721 1769 821 1795 saxa
844 1779 898 1784 ——
922 1754 1063 1795 volens
1088 1768 1161 1795 vos
1187 1753 1351 1794 Turnus
1375 1753 1499 1794 adoro
1524 1777 1577 1782 ———

425 1815 527 1855 ferte
550 1820 697 1864 ratem,
725 1815 938 1868 saevisque
962 1815 1078 1856 vadis
1102 1814 1292 1855 inmittite
1318 1812 1466 1869 Syrtis,

427 1890 507 1928 quo
530 1889 663 1928 neque
687 1890 752 1916 me
776 1875 936 1924 Rutuli,
962 1890 1038 1916 nec
1061 1875 1226 1916 conscia
1248 1875 1359 1916 fama
1383 1877 1615 1928 sequatur.“

426 1936 528 1977 hacc
553 1950 782 1977 memorans
806 1936 942 1977 animo
965 1950 1073 1977 nunc
1096 1936 1196 1985 huc,
1222 1950 1331 1976 nunc
1354 1935 1522 1976 fluctuat
1546 1935 1653 1983 illuc,

340 2011 404 2040 680
429 2012 481 2037 an
505 2011 596 2038 sese
619 1997 804 2037 mucroni
828 1997 879 2038 ob
905 2003 1063 2037 tantum
1086 1997 1264 2038 dedecus
1289 2011 1428 2038 amens

427 2058 570 2100 induat
593 2064 634 2099 et
657 2058 828 2099 crudum
851 2072 924 2112 per
947 2064 1081 2099 costas
1106 2058 1244 2113 exigat
1267 2071 1420 2107 ensem,

427 2119 618 2161 fluctibus
643 2134 696 2160 an
718 2119 839 2160 iaciat
861 2119 1006 2160 mediis
1031 2125 1072 2160 et
1093 2118 1211 2160 litora
1233 2119 1368 2160 nando

429 2195 553 2221 curva
575 2186 704 2234 petat,
730 2180 1016 2233 Teucrumque
1039 2180 1187 2221 iterum
1211 2194 1255 2221 se
1277 2179 1421 2220 reddat
1444 2179 1484 2219 in
1510 2194 1634 2220 arma.

429 2248 491 2282 ter
514 2248 683 2283 conatus
707 2247 922 2295 utramque
946 2241 1074 2291 viam,
1099 2247 1161 2282 ter
1184 2240 1363 2282 maxima
1385 2239 1491 2280 Iuno

343 2316 406 2347 685
430 2303 644 2353 continuit,
669 2303 939 2356 iuvenemque
964 2302 1088 2344 animi
1111 2302 1303 2344 miserata
1325 2302 1529 2356 repressit.

431 2364 581 2407 labitur
603 2365 685 2406 alta
709 2379 851 2406 secans
876 2364 1082 2418 fluctuque
1107 2370 1302 2417 aestuque
1328 2364 1507 2405 secundo

433 2433 474 2467 et
497 2427 624 2480 patris
650 2426 860 2479 antiquam
883 2425 1024 2466 Dauni
1048 2425 1227 2466 defertur
1251 2425 1303 2466 ad
1326 2424 1481 2465 urbem.

487 2488 548 2529 At
571 2488 683 2529 Iovis
707 2487 861 2528 interea
875 2486 1047 2528 monitis
1070 2486 1303 2528 Mezentius
1328 2486 1474 2527 ardens

433 2549 613 2590 succedit
636 2563 819 2603 pugnae,
845 2547 1109 2601 Teucrosque
1132 2548 1288 2589 invadit
1311 2559 1491 2588 ovantes.

346 2623 409 2653 690
434 2616 679 2651 concurrunt
702 2609 939 2664 Tyrrhenae
963 2609 1091 2659 acies,
1116 2615 1238 2662 atque
1262 2607 1449 2650 omnibus
1475 2606 1556 2655 uni,

433 2671 505 2711 uni
529 2671 716 2722 odiisque
740 2670 827 2711 viro
851 2670 1024 2724 telisque
1047 2669 1327 2724 frequentibus
1351 2669 1514 2709 instant.

434 2731 499 2771 illc
524 2731 636 2772 velut
657 2745 797 2785 rupes,
823 2737 984 2772 vastum
1007 2745 1112 2788 quae
1135 2730 1269 2785 prodit
1291 2731 1333 2771 in
1357 2743 1518 2781 aequor,
