1800 3106
546 317 803 356 AENEIDOS
827 316 924 353 LIB.
937 317 1023 353 VII.
1382 304 1465 346 233

107 436 146 471 tc
170 442 315 470 nemus
339 424 584 482 Anguitiae,
610 423 740 465 vitrea
763 427 804 463 te
826 421 1010 463 Fucinus
1035 419 1158 469 unda,

109 500 147 532 tc
169 489 315 544 liquidi
337 488 487 529 flevere
512 486 639 527 lacus.
1494 491 1557 521 760

162 551 258 593 Ibat
282 556 323 591 et
346 547 567 604 Hippolyti
589 546 724 602 proles
748 544 1026 600 pulcherrima
1048 543 1171 591 bello,

107 612 296 662 Virbius,
321 611 528 666 insignem
552 623 677 662 quem
699 613 831 648 mater
853 605 998 647 Aricia
1020 604 1144 654 misit,

110 675 303 716 eductum
326 671 504 728 Egeriae
528 670 632 711 lucis
655 667 867 710 humentia
890 667 1045 708 circum

110 737 246 786 litora,
271 734 437 791 pinguis
462 732 534 774 ubi
558 738 598 772 et
622 729 836 786 placabilis
862 744 934 770 ara
955 727 1133 769 Dianae.

111 811 287 851 namque
306 796 442 837 ferunt
466 793 580 834 fama
596 791 886 846 Hippolytum,
911 794 1131 844 postquam
1156 794 1242 829 arte
1266 801 1469 829 novercae
1495 799 1560 831 765

111 857 304 900 occiderit
326 855 562 912 patriasque
586 852 759 907 explerit
783 851 985 907 sanguine
1007 864 1163 905 poenas

111 919 283 962 turbatis
308 918 528 959 distractus
553 914 689 968 equis,
715 913 770 955 ad
794 913 930 954 sidera
951 927 1095 953 rursus

113 979 294 1022 aetheria
316 984 357 1020 et
381 991 551 1033 superas
577 975 681 1017 caeli
703 975 870 1016 venisse
895 973 973 1015 sub
997 988 1133 1022 auras,

111 1041 304 1084 Paeoniis
333 1044 573 1081 revocatum
595 1036 736 1078 herbis
761 1043 802 1078 et
826 1050 965 1077 amore
988 1035 1166 1076 Dianae.

110 1111 199 1146 tum
222 1108 339 1158 pater
362 1101 641 1155 omnipotens,
667 1098 846 1152 aliquem
870 1097 1111 1152 indignatus
1137 1095 1190 1137 ab
1214 1095 1374 1137 umbris
1499 1107 1563 1138 770

111 1164 326 1206 mortalem
347 1162 519 1204 infernis
544 1161 598 1202 ad
620 1160 779 1201 lumina
804 1173 973 1215 surgere
996 1158 1119 1208 vitae,

111 1227 201 1281 ipse
224 1230 473 1280 repertorem
496 1222 724 1264 medicinae
748 1221 840 1263 talis
866 1227 908 1262 et
931 1219 1029 1262 artis

113 1287 284 1329 fulmine
307 1285 622 1340 Phoebigenam
648 1282 819 1339 Stygias
843 1282 1018 1324 detrusit
1042 1281 1096 1322 ad
1118 1281 1266 1323 undas.

115 1356 157 1391 at
179 1349 321 1390 Trivia
343 1347 619 1403 Hippolytum
644 1345 811 1387 secretis
836 1344 945 1385 alma
966 1343 1151 1385 recondit

116 1410 283 1454 sedibus
308 1416 349 1451 et
371 1408 578 1464 nymphae
601 1407 780 1463 Egeriae
803 1406 1042 1459 nemorique
1065 1405 1234 1461 relegat,
1503 1418 1566 1447 775

116 1473 228 1516 solus
252 1471 324 1513 ubi
346 1471 391 1512 in
415 1470 529 1512 silvis
552 1469 670 1511 Italis
693 1468 888 1524 ignobilis
913 1482 1062 1509 aevum

116 1535 317 1590 exigeret,
342 1546 545 1585 versoque
568 1530 642 1572 ubi
665 1530 830 1571 nomine
855 1529 1026 1571 Virbius
1052 1534 1174 1570 esset.

115 1596 225 1637 unde
249 1595 373 1636 etiam
398 1592 552 1648 templo
577 1592 743 1633 Triviae
768 1591 954 1644 lucisque
980 1590 1152 1632 sacratis

115 1656 358 1712 cornipedes
384 1660 576 1697 arcentur
598 1654 711 1708 equi,
739 1654 851 1708 quod
874 1653 992 1695 litore
1017 1667 1182 1694 currum

117 1725 157 1761 et
178 1720 372 1760 iuvenem
394 1717 590 1758 monstris
614 1716 755 1766 pavidi
779 1715 962 1757 effudere
986 1714 1168 1755 marinis.
1506 1726 1569 1756 780

115 1781 224 1822 filius
248 1779 429 1821 ardentis
453 1778 565 1819 haud
597 1778 723 1820 setius
749 1791 925 1831 aequore
951 1777 1086 1832 campi

117 1841 335 1884 exercebat
359 1855 487 1894 equos
513 1854 716 1893 curruque
739 1839 784 1880 in
807 1839 916 1880 bella
938 1838 1096 1879 ruebat.

173 1904 273 1959 Ipse
295 1904 403 1944 inter
425 1902 579 1957 primos
603 1901 829 1956 praestanti
854 1914 1023 1955 corpore
1047 1899 1215 1940 Turnus

117 1966 288 2007 vertitur
311 1980 425 2006 arma
449 1970 592 2005 tenens
617 1969 658 2004 et
681 1968 767 2004 toto
791 1962 944 2003 vertice
969 1976 1094 2016 supra
1118 1967 1193 2002 est.

119 2028 186 2069 cui
208 2026 357 2081 triplici
381 2026 526 2067 crinita
548 2024 647 2067 iuba
669 2024 791 2080 galea
814 2024 898 2065 alta
923 2022 1188 2065 Chimaeram
1508 2033 1571 2063 785

121 2089 311 2138 sustinet,
336 2087 547 2129 Aetnaeos
572 2087 782 2129 efflantem
806 2085 997 2127 faucibus
1021 2085 1144 2140 ignis,

119 2156 205 2190 tam
227 2149 361 2205 magis
385 2149 455 2190 illa
477 2149 658 2190 fremens
684 2153 725 2189 et
747 2147 934 2189 tristibus
960 2147 1087 2188 effera
1109 2145 1302 2193 flammis,

121 2226 245 2264 quam
268 2210 401 2265 magis
426 2210 559 2251 effuso
583 2210 830 2251 crudescunt
855 2208 1055 2263 sanguine
1078 2221 1257 2262 pugnae.

123 2278 164 2312 at
186 2271 320 2312 levem
345 2270 522 2324 clipeum
547 2269 719 2311 sublatis
744 2270 937 2310 cornibus
963 2269 1011 2310 Io

124 2345 224 2372 auro
247 2330 489 2385 insignibat,
513 2330 597 2370 iam
622 2330 745 2371 saetis
770 2329 923 2378 obsita,
947 2330 1031 2370 iam
1055 2329 1145 2378 bos,
1509 2339 1573 2368 790

125 2398 412 2447 argumentum
435 2391 602 2446 ingens,
628 2397 668 2431 et
692 2396 831 2431 custos
856 2391 1026 2445 virginis
1051 2389 1208 2444 Argus,

126 2452 363 2506 caelataque
388 2465 552 2492 amnem
576 2450 754 2492 fundens
777 2457 895 2505 pater
916 2451 1098 2492 Inachus
1123 2465 1238 2490 urna.

125 2513 355 2568 insequitur
376 2512 542 2554 nimbus
566 2512 768 2567 peditum,
795 2511 1050 2566 clipeataque
1074 2511 1171 2552 totis

126 2575 293 2632 agmina
316 2575 541 2615 densentur
564 2573 741 2628 campis,
766 2571 1010 2628 Argivaque
1033 2571 1166 2627 pubes

127 2636 434 2689 Auruncaeque
458 2649 625 2683 manus,
650 2634 795 2675 Rutuli
818 2640 1061 2687 veteresque
1088 2631 1228 2675 Sicani
1511 2645 1575 2675 795

128 2704 168 2739 et
193 2697 399 2740 Sacranae
423 2697 532 2738 acies
558 2704 598 2737 et
620 2696 719 2751 picti
744 2701 862 2737 scuta
884 2694 1053 2745 Labici3

129 2759 200 2813 qui
224 2760 371 2809 saltus,
397 2758 609 2808 Tiberine,
635 2764 748 2809 tuos,
775 2771 1019 2814 sacrumque
1042 2756 1208 2799 Numici
