1780 3074
593 301 853 341 AENEIDOS
871 301 970 337 LIB.
989 301 1019 336 1.

125 419 242 470 paret
264 411 399 454 Amor
422 408 542 451 dictis
568 421 688 450 carae
710 405 932 463 genetricis
956 411 997 447 et
1020 403 1108 446 alas

127 475 240 518 exuit
263 480 305 516 et
327 486 476 530 gressu
499 469 688 526 gaudens
711 468 866 510 incedit
888 466 983 509 Iuli.

127 543 170 579 at
191 536 338 579 Venus
361 533 549 577 Ascanio
571 531 779 588 placidam
801 544 877 586 per
899 528 1087 571 membra
1109 526 1291 581 quietem

126 599 296 655 inrigat,
322 602 364 639 et
386 596 521 638 fotum
544 593 703 651 gremio
727 593 806 635 dea
829 591 936 634 tollit
956 591 1001 633 in
1023 590 1129 632 altos

127 660 285 702 Idaliae
308 659 443 708 lucos,
467 656 541 698 ubi
562 655 698 697 mollis
723 668 939 696 amaracus
961 652 1081 694 inum

128 721 298 764 floribus
323 726 365 762 et
387 718 499 761 dulci
522 717 740 772 adspirans
764 714 1036 770 conplectitur
1058 712 1218 755 umbra.

129 784 294 837 iamque
316 781 404 824 ibat
427 781 537 822 dicto
560 792 710 834 parens
735 782 778 820 et
800 777 911 819 dona
935 775 1102 830 Cupido

130 845 246 902 regia
266 842 458 900 portabat
481 840 639 896 Tyriis,
665 840 770 881 duce
793 838 928 880 laetus
952 836 1131 879 Achate.

132 922 227 950 cum
249 905 379 955 venit,
405 903 560 945 aulaeis
583 902 668 943 iam
693 915 738 943 se
761 900 907 956 regina
931 898 1121 954 superbis

132 983 256 1011 aurea
280 965 496 1022 conposuit
520 964 681 1020 sponda
703 962 966 1016 mediamque
990 960 1142 1003 locavit
1149 977 1162 1011 ;

131 1031 215 1072 iam
237 1034 355 1085 pater
376 1026 545 1069 Aeneas
571 1031 612 1067 et
634 1025 718 1066 iam
742 1024 924 1066 Troiana
945 1023 1149 1075 iuventus·

133 1090 399 1139 conveniunt,
426 1093 637 1141 stratoque
663 1100 788 1142 super
811 1084 1087 1128 discumbitur
1110 1089 1235 1126 ostro.

133 1153 231 1195 dant
254 1150 446 1193 manibus
470 1149 617 1191 famuli
639 1147 852 1203 lymphas,
879 1161 1143 1200 cereremque
1168 1145 1358 1187 canistris

134 1214 376 1271 expediunt,
401 1212 616 1266 tonsisque
640 1211 780 1252 ferunt
803 1209 1001 1252 mantelia
1024 1209 1146 1251 villis.

134 1276 434 1332 quinquaginta
455 1275 568 1316 intus
592 1273 793 1323 famulae,
819 1272 971 1326 quibus
997 1271 1140 1313 ordine
1163 1271 1291 1326 longo

136 1354 235 1381 cura
256 1352 410 1393 penum
436 1342 611 1386 struere,
637 1341 679 1377 et
700 1334 879 1376 flammis
904 1333 1069 1375 adolere
1093 1333 1296 1383 Penates3

138 1406 304 1443 centum
329 1399 434 1441 aliae
457 1398 711 1451 totidemque
734 1411 856 1452 pares
881 1401 1015 1438 aetate
1038 1395 1228 1445 ministri,

137 1462 209 1517 qui
232 1460 410 1516 dapibus
433 1474 600 1502 mensas
625 1463 796 1500 onerent
819 1463 861 1499 et
881 1457 1032 1512 pocula
1054 1463 1224 1512 ponant.

137 1539 214 1566 nec
238 1538 322 1565 non
347 1528 387 1564 et
411 1522 529 1577 Tyrii
550 1535 626 1577 per
647 1520 791 1562 limina
813 1520 924 1562 laeta
947 1519 1185 1573 frequentes

139 1600 386 1636 convenere,
411 1585 511 1627 toris
534 1583 639 1626 iussi
663 1582 924 1625 discumbere
947 1581 1084 1637 pictis.

138 1648 339 1690 mirantur
362 1647 471 1688 dona
494 1645 682 1696 Aeneae,
709 1645 909 1686 mirantur
930 1643 1084 1694 Iulum,

139 1709 434 1766 flagrantisque
459 1708 527 1749 dei
549 1707 687 1749 voltus
714 1706 988 1760 simulataque
1014 1704 1152 1755 verba,

140 1771 375 1827 pallamque
399 1776 441 1812 et
462 1770 620 1825 pictum
645 1783 790 1811 croceo
814 1769 1005 1810 velamen
1028 1767 1216 1810 acantho.

141 1833 361 1889 praecipue
384 1832 549 1882 infelix,
573 1831 683 1887 pesti
705 1831 857 1873 devota
880 1831 1057 1880 futurae,

143 1894 298 1950 expleri
322 1900 503 1936 mentem
526 1894 669 1948 nequit
692 1893 950 1946 ardescitque
975 1892 1128 1934 tuendo

142 1957 374 1999 Phoenissa
397 1962 439 1998 et
460 1956 614 2012 pariter
635 1970 764 2011 puero
788 1955 991 2009 donisque
1015 1960 1216 1996 movetur.

143 2019 211 2061 ille
235 2018 308 2060 ubi
331 2018 537 2074 conplexu
559 2017 731 2060 Aeneae
756 2017 945 2071 colloque
968 2016 1167 2072 pependit

145 2086 186 2123 ct
209 2096 407 2137 magnum
431 2080 529 2122 falsi
551 2080 724 2136 inplevit
747 2079 946 2136 genitoris
971 2093 1168 2129 amorem,

145 2143 331 2200 reginam
353 2143 467 2199 petit.
491 2143 596 2185 haec
620 2142 770 2193 oculis,
795 2142 899 2184 haec
921 2147 1087 2197 pectore
1112 2146 1199 2182 toto

146 2205 287 2247 haeret
310 2210 351 2246 et
372 2205 579 2246 interdum
603 2204 762 2260 gremio
786 2204 918 2254 fovet,
943 2203 1076 2245 inscia
1096 2202 1226 2252 Dido,

146 2267 301 2309 insidat
323 2272 501 2320 quantus
525 2267 701 2307 miserae
725 2266 841 2307 deus.
868 2271 910 2306 at
932 2279 1092 2306 memor
1114 2264 1183 2305 ille

148 2328 291 2370 matris
315 2327 533 2368 Acidaliae
555 2327 771 2382 paullatim
794 2326 959 2368 abolere
986 2324 1224 2381 Sychaeum

149 2389 293 2444 incipit
317 2394 358 2429 et
380 2388 477 2429 vivo
501 2393 675 2442 temptat
695 2393 957 2442 praevertere
982 2401 1122 2428 amore

150 2451 234 2492 iam
256 2449 418 2505 pridem
440 2449 598 2490 resides
622 2449 783 2489 animos
807 2448 1062 2500 desuetaque
1086 2447 1222 2488 corda.

206 2511 439 2566 Postquam
461 2509 595 2565 prima
617 2509 734 2563 quies
759 2508 911 2563 epulis,
936 2521 1188 2560 mensaeque
1211 2513 1404 2555 remotae,

153 2579 333 2615 crateras
357 2587 532 2628 magnos
558 2576 745 2613 statuunt
769 2576 810 2624 et
832 2570 930 2610 vina
953 2574 1162 2610 coronant.

154 2636 201 2678 fit
224 2636 419 2692 strepitus
444 2635 582 2684 tectis,
607 2647 837 2686 vocemque
859 2646 935 2687 per
958 2630 1097 2686 ampla
1118 2629 1306 2671 volutant

156 2697 278 2749 atria3
302 2697 537 2753 dependent
558 2695 699 2751 lychni
721 2693 986 2748 laquearibus
1010 2691 1146 2734 aureis

157 2757 332 2809 incensi,
357 2765 400 2801 et
421 2764 587 2801 noctem
609 2756 786 2799 flammis
811 2755 969 2797 funalia
991 2754 1174 2795 vincunt.

1406 288 1486 330 107

1516 474 1581 506 690

1522 784 1587 815 695

1527 1095 1591 1126 700

1531 1407 1594 1436 705

1534 1715 1598 1745 710

1537 2027 1601 2057 715

1540 2333 1604 2364 720

1539 2641 1604 2673 725
