1800 3080
655 302 976 340 CATALECTA.
1413 294 1496 336 377

245 410 440 467 nequisse
462 409 703 468 praeterire,
730 409 818 452 sive
842 408 1063 451 Mantuam

245 489 351 530 opus
375 473 484 516 foret
499 472 665 523 -volare,
692 472 780 515 sive
804 471 1006 514 Brixiam.

246 543 286 578 et
309 536 390 579 hoc
412 542 539 592 negat
563 534 802 591 Tryphonis
827 533 979 576 aemuli
1002 533 1173 575 domum

245 613 398 655 negare
420 597 622 648 nobilem,
648 596 882 639 insulamve
908 595 1089 647 Caeruli,

246 661 320 704 ubi
343 661 442 712 iste,
466 666 563 716 post
588 659 792 711 Sabinus,
818 666 913 702 ante
939 658 1138 713 Quinctio

247 723 416 766 bidente
440 723 540 765 dicit
564 728 771 765 attotonse
794 721 938 764 forfice

246 792 411 829 comata
433 784 558 836 colla,
583 799 722 840 nequa
746 784 977 835 sordidum,
1002 783 1103 840 iugo

245 854 477 905 premente,
504 848 608 890 dura
631 847 781 890 volnus
806 847 947 890 ederet
969 845 1081 888 iuba.

249 909 458 953 Cremona
481 910 634 966 frigida
658 916 700 952 et
721 909 859 952 lutosa
884 907 1035 958 Gallia,

247 972 323 1015 tibi
345 972 451 1015 haec
473 972 606 1015 fuisse
630 978 672 1015 et
695 986 789 1015 esse
813 971 1101 1028 cognitissima

247 1035 305 1077 ait
329 1033 533 1086 Sabinus3
558 1034 705 1076 ultima
727 1048 781 1076 ex
803 1033 963 1090 origine

247 1103 320 1139 tua
344 1096 510 1138 stetisse
534 1096 635 1138 dicit
656 1096 701 1137 in
723 1096 937 1152 voragine,

247 1166 320 1200 tua
342 1158 387 1200 in
408 1157 561 1214 palude
585 1157 802 1213 deposisse
826 1157 1026 1208 sarcinas,

247 1227 288 1263 et
310 1220 407 1263 inde
431 1226 494 1263 tot
515 1235 591 1276 per
615 1219 799 1262 orbitosa
822 1219 937 1262 milia

246 1283 394 1339 iugum
418 1282 583 1333 tulisse,
608 1282 729 1324 laeva
753 1282 842 1324 sive
866 1282 1039 1324 dextera

249 1346 423 1402 strigare
446 1344 561 1387 mula
585 1345 673 1387 sive
697 1345 905 1399 utrimque
930 1351 1124 1401 coeperat

248 1484 384 1524 neque
407 1469 494 1511 ulla
516 1474 615 1512 vota
639 1468 897 1511 semitalibus
922 1468 1011 1510 deis

250 1532 330 1575 sibi
354 1546 446 1574 esse
471 1531 600 1582 facta,
624 1537 790 1588 praeter
811 1530 892 1573 hoc
914 1531 1203 1582 novissimum,

248 1600 422 1651 paterna
444 1594 533 1636 lora
555 1594 875 1650 proximumque
898 1593 1118 1649 pectinem.

250 1657 326 1699 sed
347 1656 452 1698 haec
474 1656 590 1712 prius
614 1655 751 1707 fuere;
775 1670 887 1698 nunc
910 1655 1093 1698 eburnea

250 1719 449 1773 sedetque
474 1718 592 1769 sede,
620 1733 748 1773 seque
773 1718 938 1760 dedicat
962 1717 1049 1768 tibi,

249 1781 427 1838 gemelle
453 1780 605 1823 Castor
628 1787 670 1824 et
692 1781 870 1838 gemelle
896 1779 1100 1823 Castoris.

746 1859 895 1903 VIIII.

253 1938 424 1989 Scilicet
446 1939 526 1982 hoc
550 1939 639 1981 sine
663 1940 830 1990 fraude,
855 1939 959 1982 Vari
982 1939 1241 1991 dulcissime,
1267 1940 1422 1982 (11031111

307 2002 561 2058 dispeream,
586 2002 669 2044 nisi
691 2016 759 2044 me
782 2002 961 2058 perdidit
984 2002 1063 2044 iste
1087 2009 1227 2058 putus.

251 2064 316 2106 sin
339 2070 479 2106 autem
501 2070 725 2119 praecepta
749 2070 892 2106 vetant
914 2079 982 2106 me
1006 2064 1164 2115 dicere,
1190 2080 1290 2107 sane

305 2141 391 2169 non
414 2126 570 2178 dicam,
597 2127 673 2169 sed
695 2141 763 2169 me
786 2127 968 2183 perdidit
990 2127 1070 2169 iste
1093 2142 1210 2183 puer.

790 2216 853 2259 X.

252 2295 429 2346 Villula,
454 2310 562 2350 quae
588 2294 764 2351 Syronis
789 2310 901 2347 eras,
927 2307 969 2338 et
990 2311 1150 2352 pauper
1173 2296 1320 2353 agelle,

310 2373 456 2400 verum
478 2358 539 2400 illi
562 2358 730 2400 domino
755 2364 802 2400 tu
825 2373 993 2414 quoque
1018 2359 1199 2410 divitiae,

253 2434 321 2462 me
346 2420 420 2463 tibi
444 2426 485 2462 et
507 2420 585 2462 hos
609 2436 694 2463 una
717 2435 900 2472 mecum,
925 2436 1030 2476 quos
1056 2436 1220 2478 semper
1243 2421 1393 2472 amavi,

311 2482 449 2537 siquid
472 2482 525 2525 de
547 2483 682 2538 patria
704 2483 862 2526 tristius
887 2484 1070 2534 audiero,

254 2544 518 2595 commendo,
542 2545 587 2586 111
609 2545 839 2601 primisque
861 2552 1034 2602 patrem.
1060 2552 1107 2588 tu
1128 2561 1240 2588 nunc
1264 2546 1344 2588 eris
1368 2546 1441 2597 illi,

311 2606 491 2650 Mantua
514 2608 627 2662 quod
650 2607 788 2651 fuerat
811 2609 1006 2664 quodque
1032 2607 1242 2651 Cremona
1265 2609 1394 2665 prius.

781 2699 866 2741 XI.

142 2775 286 2819 Pauca
307 2777 429 2837 mihi,
454 2777 577 2820 niveo
602 2778 677 2821 sed
699 2793 785 2820 non
806 2778 1018 2835 incognita
1039 2778 1228 2831 Phoebo,

198 2853 332 2894 pauca
354 2810 457 2882 1111111
481 2839 627 2883 doctae
652 2841 775 2883 dicite
798 2840 1041 2897 Pegasides.

1531 796 1574 827 10

1533 1110 1573 1140 15

1533 1420 1577 1451 20

1533 1731 1576 1763 25
