1800 3106
635 286 896 325 AENEIDOS
914 287 1012 322 LIB.
1032 287 1100 322 xl.
1470 277 1552 318 317

187 410 319 448 „vane
342 395 499 452 Ligus,
525 393 763 448 frustraque
787 393 935 435 animis
961 392 1066 434 elate
1092 390 1295 448 superbis,
1581 403 1645 433 715

184 458 439 513 nequiquam
460 456 616 513 patrias
641 455 853 512 temptasti
875 454 1060 497 lubricus
1086 454 1200 505 artis,

186 535 262 563 nee
285 519 400 562 fraus
426 527 466 561 te
489 518 739 560 incolumem
762 517 901 560 fallaci
925 517 1106 573 perferet
1127 514 1297 558 Auno.“

184 582 289 625 haec
311 582 424 624 satur
447 582 565 638 virgo
590 587 632 623 et
654 580 927 637 pernicibus
916 595 1041 636 lgnea
1063 579 1218 635 plantis

184 644 332 687 transit
355 659 507 699 equum
533 658 676 694 eursu,
702 643 914 714 frenisque
939 643 1116 685 adversa
1137 641 1355 714 prehensis

185 707 450 764 congreditur
472 720 711 762 poenasque
734 705 901 748 inimico
927 720 980 747 ex
1004 704 1207 762 sanguine
1233 703 1372 754 sumit,
1582 716 1647 747 7⁶20

185 785 311 824 quam
334 768 457 811 facile
482 769 678 824 accipiter
702 783 804 811 saxo
829 782 947 810 sacer
971 768 1056 810 ales
1082 767 1135 810 ab
1160 767 1243 809 alto

186 831 453 887 consequitur
473 831 622 886 pennis
648 830 904 873 sublimem
892 846 936 872 m
959 830 1070 872 nube
1095 829 1345 879 columbam,

186 907 541 950 conprensamque
565 899 695 943 tenet,
725 892 986 949 pedibusque
1010 892 1213 935 eviscerat
1236 891 1374 941 uncis;

186 964 275 998 tum
299 970 420 998 cruor
443 961 485 998 et
507 955 650 998 volsae
673 955 870 998 labuntur
892 955 945 998 ab
970 955 1136 997 aethere
1159 955 1340 1010 plumae.

240 1016 302 1059 At
324 1032 410 1060 non
433 1017 536 1059 haec
561 1017 685 1060 nullis
711 1017 925 1060 hominum
950 1023 1062 1059 sator
1086 1023 1210 1071 atque
1235 1017 1407 1058 deorum
1585 1028 1649 1059 7⁶25

185 1079 412 1122 observans
437 1079 568 1122 oculis
594 1094 758 1121 summo
783 1079 900 1121 sedet
923 1079 1032 1121 altus
1060 1077 1259 1134 Olympo.

185 1141 448 1198 Tyrrhenum
472 1142 636 1198 genitor
659 1141 924 1184 Tarchonem
948 1141 992 1182 in
1015 1141 1173 1196 proelia
1198 1155 1325 1182 saeva

186 1204 357 1247 suscitat
382 1210 424 1247 et
448 1204 626 1247 stimulis
649 1203 763 1246 haud
787 1203 983 1247 mollibus
1006 1203 1123 1245 inicit
1146 1204 1242 1245 iras.

186 1281 286 1323 ergo
310 1267 416 1308 inter
440 1266 589 1308 caedes
614 1266 886 1320 cedentiaque
910 1266 1080 1323 agmina
1105 1265 1302 1307 Tarchon

188 1329 318 1371 fertur
341 1343 469 1383 equo,
493 1328 702 1383 variisque
726 1329 899 1385 instigat
922 1328 1097 1371 vocibus
1123 1328 1224 1378 alas,
1587 1338 1652 1369 730

188 1390 354 1433 nomine
378 1405 585 1445 quemque
610 1405 782 1441 vocans,
807 1391 1022 1445 reficitque
1045 1391 1090 1432 in
1111 1390 1270 1447 proelia
1292 1390 1450 1446 pulsos.

192 1453 310 1508 „quis
336 1461 490 1504 metus,
516 1468 541 1495 o
565 1468 793 1508 numquam
817 1453 1001 1503 dolituri,
1029 1468 1054 1495 0
1079 1467 1244 1508 semper
1266 1452 1418 1493 inertes

190 1516 414 1572 Tyrrheni,
441 1530 548 1570 quae
572 1522 688 1557 tanta
710 1516 858 1558 animis
883 1515 1053 1572 ignavia
1075 1515 1215 1557 venit?

189 1578 344 1620 semina
368 1578 545 1634 palantis
571 1578 658 1634 agit
681 1584 805 1633 atque
828 1578 933 1620 haec
957 1577 1126 1634 agmina
1150 1576 1299 1618 vertit?

190 1655 273 1694 quo
297 1640 473 1691 ferrum,
499 1640 652 1694 quidve
676 1640 780 1683 haec
804 1640 988 1697 gerimus
1013 1639 1096 1682 tela
1119 1639 1242 1680 inrita
1266 1637 1449 1680 dextris?
1590 1650 1652 1679 :35

191 1710 234 1744 at
255 1717 341 1745 non
363 1703 407 1744 in
430 1702 639 1745 Venerem
665 1717 816 1759 segnes
840 1709 1124 1756 nocturnaque
1149 1701 1271 1751 bella,

191 1770 264 1806 aut
285 1763 358 1806 ubi
383 1779 510 1806 curva
534 1764 682 1807 choros
705 1765 854 1807 indixit
878 1764 980 1807 tibia
1002 1763 1175 1815 Bacchi,

192 1831 430 1882 exspectate
454 1827 583 1882 dapes
609 1833 650 1869 et
672 1827 821 1883 plenae
844 1827 997 1883 pocula
1018 1840 1202 1869 mensae.

192 1889 260 1931 hic
283 1903 417 1939 amor,
443 1888 523 1932 hoc
547 1890 751 1941 studium,
776 1890 876 1932 dum
902 1904 1021 1932 sacra
1045 1889 1253 1932 secundus
1278 1887 1488 1942 haruspex

192 1951 351 1992 nuntiet
376 1966 424 1993 ac
447 1951 564 1994 lucos
588 1958 710 1995 vocet
732 1952 870 1996 hostia
891 1952 1060 2010 pinguis
1084 1952 1129 1994 in
1153 1951 1300 1994 altos.“
1593 1962 1656 1991 740

193 2015 296 2056 haec
321 2013 470 2056 effatus
495 2029 650 2069 equum
673 2015 717 2057 in
740 2015 920 2066 medios,
945 2015 1169 2058 moriturus
1196 2021 1237 2055 et
1260 2015 1364 2069 ipse,

194 2076 372 2118 concitat
396 2083 436 2118 et
460 2075 626 2119 Venulo
650 2078 874 2120 adversum
899 2092 944 2120 se
968 2077 1160 2121 turbidus
1184 2076 1323 2127 infert,

194 2139 493 2194 dereptumque
516 2139 570 2182 ab
595 2154 703 2195 equo
727 2140 874 2183 dextra
898 2140 1172 2196 conplectitur
1194 2139 1361 2181 hostem

195 2207 237 2242 ct
259 2201 464 2256 gremium
488 2208 584 2243 ante
609 2217 732 2244 suum
755 2203 886 2244 multa
910 2203 952 2244 vi
977 2203 1163 2244 concitus
1188 2201 1337 2243 aufert.

196 2263 350 2304 tollitur
373 2263 417 2304 in
441 2263 603 2305 caelum
627 2263 802 2315 clamor,
828 2264 1049 2318 cunctique
1073 2264 1219 2305 Latini
1594 2275 1657 2303 745

197 2330 434 2366 convertere
459 2325 615 2367 oculos.
641 2325 753 2368 volat
775 2326 924 2382 igneus
949 2340 1128 2380 aequore
1153 2324 1362 2373 Tarchon,

198 2401 314 2428 arma
336 2386 553 2441 virumque
576 2387 737 2438 ferens3
761 2394 851 2429 tum
876 2403 1040 2430 summa
1062 2388 1195 2443 ipsius
1220 2386 1273 2429 ab
1297 2386 1419 2428 hasta

199 2449 396 2505 defringit
419 2448 575 2490 ferrum
599 2456 641 2491 et
662 2456 801 2505 partes
825 2450 998 2492 rimatur
1021 2456 1198 2505 apertas,

199 2526 284 2566 qua
306 2511 455 2554 volnus
480 2510 601 2553 letale
625 2511 751 2559 ferat:
777 2518 922 2554 contra
944 2511 1013 2554 ille
1036 2526 1276 2568 repugnans

202 2574 378 2616 sustinet
402 2589 427 2616 a
449 2573 594 2630 iugulo
618 2573 806 2616 dextram
831 2580 871 2615 et
894 2573 980 2615 vim
1004 2573 1162 2616 viribus
1187 2573 1284 2615 exit.
1595 2585 1660 2616 750

201 2642 329 2691 utque
352 2635 498 2678 volans
523 2636 605 2678 alte
628 2642 794 2692 raptum
817 2650 914 2678 eum
937 2636 1054 2678 fulva
1078 2636 1302 2678 draconem

202 2698 283 2741 fert
305 2699 462 2754 aquila,
487 2698 757 2754 inplicuitque
780 2698 910 2754 pedes
935 2704 1060 2753 atque
1083 2696 1295 2754 unguibus
1318 2697 1452 2740 haesit
1459 2713 1472 2747 ;

205 2761 370 2804 saucius
395 2768 437 2803 at
462 2776 632 2817 serpens
658 2760 828 2803 sinuosa
850 2759 1061 2803 volumina
1084 2766 1236 2810 versat,
