1800 3106
611 259 870 298 AENEIDOS
895 259 993 295 LIB.
1007 260 1096 295 XII.

173 368 370 411 terrificos
396 367 476 409 ciet
500 371 623 421 atque
647 365 770 407 irasci
794 365 837 407 in
861 379 1016 407 cornua
1039 369 1225 420 temptat,

171 429 329 473 arboris
354 429 532 471 obnixus
558 435 723 478 trunco,
748 433 979 482 ventosque
1003 426 1171 469 lacessit

171 491 320 534 ictibus
346 498 418 533 aut
442 506 587 547 sparsa
610 490 663 532 ad
685 504 872 546 pugnam
897 488 1080 545 proludit
1103 504 1239 530 arena.

227 553 316 597 Nec
339 554 477 596 minus
501 553 658 595 interea
681 551 880 594 maternis
906 566 1056 594 saevus
1081 551 1123 592 in
1148 551 1273 594 armis

171 615 340 658 Aeneas
366 615 477 658 acuit
499 614 682 657 Martem
707 620 748 657 et
773 629 818 656 se
843 614 1016 656 suscitat
1039 614 1112 665 ira,

172 677 311 720 oblato
335 678 524 735 gaudens
550 676 729 733 conponi
752 676 920 719 foedere
945 675 1113 718 bellum.

173 748 261 782 tum
286 741 421 783 socios
446 740 676 794 maestique
700 744 858 781 metum
885 738 1041 780 solatur
1063 738 1159 789 Iuli,

173 803 259 844 fata
283 802 457 852 docens,
482 802 654 858 regique
677 801 794 843 iubet
815 815 1018 856 responsa
1039 800 1195 842 Latino

172 872 283 907 certa
306 864 459 906 referre
483 864 594 906 viros
620 869 661 906 et
683 863 799 919 pacis
824 863 960 905 dicere
983 863 1113 920 leges.

227 927 404 969 Postera
427 927 499 968 vix
523 941 709 969 summos
735 925 959 982 spargebat
981 925 1138 968 lumine
1162 932 1325 968 montes

171 996 261 1032 orta
285 989 394 1039 dies,
420 1003 516 1031 eum
539 989 721 1044 primum
745 989 828 1031 alto
853 1003 898 1031 se
922 988 1089 1045 gurgite
1113 987 1264 1030 tollunt

172 1052 270 1094 solis
296 1051 409 1106 equi,
434 1050 654 1106 lucemque
679 1050 797 1093 elatis
822 1050 993 1093 naribus
1019 1050 1183 1092 efflant:

171 1129 364 1170 campum
389 1113 444 1156 ad
466 1121 676 1155 certamen
699 1128 878 1170 magnae
903 1112 982 1155 sub
1006 1112 1226 1155 moenibus
1251 1112 1366 1154 urbis

171 1176 350 1219 dimensi
371 1176 599 1231 Rutulique
623 1176 702 1218 viri
726 1176 961 1231 Teucrique
984 1175 1201 1232 parabant,

171 1238 215 1280 in
238 1238 458 1293 medioque
482 1238 599 1280 focos
625 1244 667 1280 et
690 1238 754 1280 dis
780 1238 1071 1281 communibus
1096 1254 1189 1281 aras

173 1300 421 1357 gramineas.
447 1300 516 1342 alii
540 1300 783 1356 fontemque
806 1301 1032 1357 ignemque
1055 1301 1257 1351 ferebant,

174 1362 297 1404 velati
320 1362 420 1404 limo
445 1368 486 1404 et
509 1362 691 1404 verbena
713 1370 901 1418 tempora
923 1363 1065 1405 vincti.

173 1424 360 1481 procedit
382 1424 492 1481 legio
516 1423 784 1467 Ausonidum
791 1457 803 1476 ,
829 1425 1038 1480 pilataque
1062 1425 1197 1480 plenis

175 1486 343 1543 agmina
367 1501 412 1529 se
436 1486 617 1528 fundunt
639 1487 782 1542 portis.
808 1487 906 1529 hino
931 1486 1083 1529 Troius
1108 1487 1243 1529 omnis

175 1548 500 1604 Tyrrhenusque
523 1549 607 1590 ruit
630 1548 755 1591 variis
781 1549 986 1591 exercitus
1012 1549 1151 1600 armis,

174 1610 287 1653 haud
311 1625 431 1653 secus
455 1610 645 1654 instructi
669 1611 798 1662 ferro,
824 1626 950 1666 quam
976 1611 1011 1654 si
1035 1627 1183 1667 aspera
1206 1611 1356 1653 Martis

174 1688 317 1730 pugna
339 1678 472 1715 vocet.
498 1687 576 1715 nec
600 1688 684 1715 non
706 1673 855 1715 mediis
879 1673 924 1715 in
952 1674 1120 1716 milibus
1145 1674 1227 1730 ipsi

175 1736 367 1777 ductores
392 1750 492 1778 auro
515 1735 691 1777 volitant
716 1741 910 1790 ostroque
935 1735 1116 1792 superbi,

176 1804 216 1839 et
239 1812 372 1853 genus
397 1796 599 1839 Assaraci
621 1797 871 1840 Mnestheus
896 1804 937 1840 et
960 1798 1079 1840 fortis
1103 1797 1249 1841 Asilas

177 1866 217 1902 et
239 1859 465 1915 Messapus
492 1875 644 1915 equum
669 1852 866 1911 domitor,
891 1860 1102 1916 Neptunia
1123 1861 1276 1916 proles.

176 1928 302 1977 utque
327 1922 423 1963 dato
449 1922 568 1978 signo
595 1922 729 1978 spatia
752 1922 793 1964 in
822 1938 898 1964 sua
922 1923 1099 1978 quisque
1124 1923 1309 1974 recessit,

176 1985 362 2042 defigunt
387 1985 520 2027 telluri
545 1985 686 2027 hastas
713 1991 753 2027 et
779 1992 897 2027 scuta
920 1986 1133 2043 reclinant.

177 2055 263 2089 tum
289 2048 425 2090 studio
451 2047 609 2090 effusae
634 2053 787 2090 matres
813 2055 854 2090 et
878 2048 1027 2104 volgus
1052 2048 1258 2090 inermum

174 2110 427 2166 invalidique
453 2126 573 2153 senes
599 2111 721 2152 turris
748 2116 786 2152 et
813 2117 922 2153 tecta
945 2112 1164 2153 domorum

176 2172 394 2222 obsedere,
420 2173 491 2215 alii
513 2174 644 2229 portis
670 2173 917 2215 sublimibus
943 2174 1122 2215 adstant.

232 2234 294 2276 At
316 2234 424 2277 Iuno
449 2249 471 2277 e
497 2250 680 2285 summo,
706 2235 779 2289 qui
801 2250 914 2276 nuno
936 2234 1131 2277 Albanus
1155 2234 1350 2284 habetur,
1377 2260 1432 2264 —

177 2303 266 2338 tum
289 2311 423 2350 neque
447 2311 599 2338 nomen
623 2302 710 2338 erat
733 2310 811 2337 nec
835 2296 967 2338 honos
993 2303 1065 2338 aut
1088 2296 1222 2352 gloria
1245 2297 1375 2337 monti
1400 2321 1455 2326 —-

177 2358 433 2414 prospiciens
458 2358 616 2400 tumulo
641 2373 835 2414 campum
859 2358 1100 2414 aspectabat
1124 2364 1165 2400 et
1189 2358 1334 2400 ambas

177 2420 438 2462 Laurentum
462 2419 703 2475 Troumque
727 2420 838 2462 acies
862 2420 1090 2475 urbemque
1115 2420 1271 2462 Latini.

179 2481 387 2537 extemplo
413 2481 544 2523 Turni
569 2482 629 2524 sic
652 2487 717 2524 est
739 2481 882 2524 adfata
906 2497 1090 2524 sororem

178 2544 276 2586 diva
299 2545 439 2595 deam,
466 2545 625 2601 stagnis
650 2558 756 2599 quae
780 2544 1104 2599 fluminibusque
1130 2545 1289 2587 sonoris

177 2607 386 2663 praesidet
394 2623 405 2658 ;
430 2606 541 2649 hunc
564 2607 623 2648 illi
646 2621 721 2649 rex
745 2606 923 2649 aetheris
948 2607 1055 2649 altus
1079 2607 1278 2649 honorem

179 2669 368 2725 Iuppiter
391 2675 532 2725 erepta
554 2683 630 2725 pro
654 2668 890 2726 virginitate
916 2669 1112 2712 sacravit:

183 2730 422 2787 „Nympha,
448 2732 575 2774 decus
600 2731 838 2783 fluviorum,
865 2732 1003 2774 animo
1026 2731 1263 2788 gratissima
1286 2738 1440 2782 nostro,

1455 248 1539 292 325

1569 440 1624 471 ltu

1571 753 1636 783 110

1573 1064 1636 1094 115

1574 1377 1637 1406 120

1575 1688 1637 1719 125

1575 1999 1638 2029 130

1574 2309 1637 2339 135

1572 2621 1636 2652 140
