1734 3074
618 289 888 330 BUCOLICA.
1281 310 1287 312 >
1410 282 1437 322 9

69 399 118 441 P.
148 398 307 448 Dicite,
332 397 670 452 quandoquidem
693 397 737 438 in
760 395 875 438 molli
897 395 1161 438 consedimus
1186 394 1325 436 herba.
1462 410 1504 439 55

70 468 112 503 et
134 475 247 502 nunc
270 460 405 502 omnis
430 475 549 516 ager,
573 473 685 501 nunc
708 458 843 500 omnis
866 458 1042 514 parturit
1065 457 1202 508 ambos,

70 538 179 565 nunc
202 523 396 565 frondent
420 522 568 572 silvae,
592 535 704 563 nunc
727 520 1053 563 formosissimus
1078 535 1224 562 annus.

0 578 1 609 ἶ
69 586 223 642 incipe,
247 586 477 636 Damoeta3
502 591 548 626 tu
571 584 722 626 deinde
747 598 940 638 sequere,
965 583 1173 625 Menalca.

70 648 238 690 alternis
263 648 427 689 dicetis:
451 653 593 689 amant
615 647 772 688 alterna
797 645 1020 688 Camenae.

129 710 188 752 D.
217 710 290 752 Ab
313 709 414 752 Iove
437 709 685 765 principium
708 708 880 750 Musae:
903 708 1019 750 Iovis
1044 707 1183 750 omnia
1205 707 1327 763 plena
1335 725 1346 759 3
1457 719 1501 750 60

70 772 139 814 ille
163 772 260 815 colit
283 781 432 822 terras,
458 772 517 813 illi
539 786 634 813 mea
657 771 840 812 carmina
864 784 999 811 curae.

70 834 134 876 M.
162 834 223 876 Et
245 849 311 876 me
334 833 534 876 Phoebus
558 839 690 875 amat:
715 831 891 875 Phoebo
916 847 993 874 sua
1016 846 1180 887 semper
1202 833 1314 887 apud
1338 848 1404 875 nie

70 911 243 939 munera
266 902 380 947 sunt,
405 896 511 938 lauri
534 902 575 938 et
599 909 728 938 suave
750 894 906 937 rubens
930 894 1192 950 hyacinthus.

68 959 126 1001 D.
156 958 275 1001 Malo
298 973 366 1001 me
390 957 567 1001 Galatea
589 958 692 1014 petit
714 957 872 999 lasciva
894 956 1045 1012 puella,

70 1028 112 1063 et
134 1020 244 1077 fugit
266 1022 320 1063 ad
344 1020 511 1072 salices,
537 1027 579 1063 et
602 1035 647 1062 se
672 1020 786 1075 cupit
809 1026 904 1061 ante
928 1019 1072 1061 videri.
1466 1035 1508 1065 65

4 1111 5 1114 =
70 1083 133 1126 M.
163 1083 226 1125 At
248 1084 350 1125 mihi
374 1098 467 1126 sese
491 1083 613 1125 offert
635 1083 743 1125 ultro
766 1098 885 1125 meus
909 1082 1019 1139 ignis
1042 1081 1266 1138 Amyntas,

71 1146 205 1188 notior
227 1152 274 1188 ut
295 1146 380 1188 iam
404 1146 458 1188 sit
481 1145 654 1188 canibus
678 1160 764 1188 non
785 1144 914 1187 Delia
935 1144 1102 1187 nostris.

69 1208 128 1250 D.
158 1208 286 1251 Parta
309 1223 426 1251 meae
450 1208 606 1251 Veneri
629 1214 725 1251 sunt
749 1222 939 1250 munera:
963 1221 1144 1262 namque
1167 1208 1309 1249 notavi

69 1271 159 1326 ipse
182 1270 338 1321 locum,
364 1271 499 1313 aeriae
521 1285 604 1325 quo
629 1285 877 1327 congessere
898 1269 1130 1326 palumbes.

69 1332 132 1374 M.
166 1332 293 1387 Quod
314 1333 449 1388 potui,
473 1347 603 1388 puero
628 1333 806 1375 silvestri
830 1347 883 1374 ex
906 1331 1054 1374 arbore
1076 1331 1184 1374 lecta
1466 1346 1508 1376 70

72 1410 198 1437 aurea
221 1395 331 1437 mala
354 1395 500 1437 decem
522 1395 636 1438 misi:
661 1410 752 1437 cras
777 1395 906 1437 altera
928 1395 1102 1436 mittam.
1131 1390 1136 1395 ¹

70 1457 128 1499 D.
161 1455 202 1500 O
228 1457 417 1511 quotiens
442 1463 484 1499 et
506 1472 614 1512 quae
637 1457 758 1500 nobis
784 1455 962 1500 Galatea
983 1456 1122 1499 locuta
1146 1456 1228 1499 est!

70 1526 230 1575 partem
254 1519 453 1574 aliquam,
478 1519 610 1570 venti,
636 1520 778 1562 divom
799 1519 988 1562 referatis
1013 1519 1067 1561 ad
1090 1518 1220 1561 aurisl

70 1581 132 1623 M.
159 1581 274 1635 Quid
284 1582 466 1638 prodest,
486 1582 600 1636 quod
611 1596 678 1623 me
690 1582 780 1638 ipse
794 1581 932 1623 animo
945 1596 1030 1623 non
1043 1581 1216 1636 spernis,
1238 1579 1437 1636 Amynta,

71 1645 126 1694 si,
151 1645 251 1686 dum
274 1651 320 1686 tu
344 1645 514 1687 sectaris
539 1660 682 1700 apros,
708 1659 788 1701 ego
811 1644 915 1686 retia
939 1644 1085 1686 servo?
1466 1659 1507 1689 75

70 1707 127 1748 D.
157 1706 354 1761 Phyllida
376 1707 492 1748 mitte
516 1707 636 1748 mihi:
661 1721 780 1748 meus
806 1712 870 1748 est
892 1706 1061 1756 natalis,
1086 1705 1209 1747 Iolla:

72 1784 168 1811 cum
192 1768 344 1810 faciam
367 1768 498 1810 vitula
519 1783 596 1824 pro
619 1768 831 1824 frugibus,
856 1768 947 1823 ipse
971 1767 1123 1809 venito.

70 1830 132 1872 M.
162 1830 358 1886 Phyllida
382 1845 476 1872 amo
501 1837 596 1872 ante
619 1830 740 1881 alias3
765 1845 863 1871 nam
886 1844 954 1871 me
978 1830 1191 1871 discedere
1215 1829 1341 1880 flevit,

71 1899 112 1934 et
135 1892 306 1948 longum
332 1892 541 1943 „formose
565 1892 675 1943 vale,
700 1891 819 1933 vale“
844 1891 978 1945 inquit
1004 1891 1175 1942 „Iolla.“

70 1954 128 1996 D.
159 1954 296 1996 Triste
319 1954 443 2010 lupus
469 1954 662 2005 stabulis,
687 1954 859 1996 maturis
883 1953 1075 2010 frugibus
1099 1953 1267 2004 imbres,
1465 1970 1509 2001 80

71 2015 287 2058 arboribus
310 2016 441 2067 venti,
466 2016 587 2059 nobis
611 2015 920 2072 Amaryllidis
909 2030 1006 2057 lrae.

71 2078 134 2120 M.
163 2079 303 2121 Dulce
328 2079 428 2121 satis
453 2079 620 2130 humor,
645 2079 831 2135 depulsis
856 2078 1028 2121 arbutus
1053 2079 1210 2130 haedis,

70 2142 182 2183 lenta
206 2141 311 2183 salix
333 2141 419 2184 feto
442 2142 601 2197 pecori,
626 2142 728 2184 mihi
753 2141 866 2184 solus
890 2140 1114 2197 Amyntas.

71 2203 128 2245 D.
157 2203 279 2246 Polio
303 2210 415 2245 amat
437 2210 640 2255 nostram,
665 2204 856 2259 quamvis
882 2204 936 2246 sit
958 2205 1132 2255 rustica,
1157 2203 1348 2246 Musam:

71 2266 280 2316 Pierides,
305 2267 477 2308 vitulam
500 2267 644 2309 lectori
666 2268 824 2323 pascite
847 2274 1000 2311 vestro.
1467 2281 1509 2313 85

73 2328 135 2370 M.
160 2327 280 2369 Polio
305 2335 346 2369 et
368 2329 459 2384 ipse
482 2328 583 2371 facit
606 2344 716 2371 nova
739 2331 940 2372 carmina:
965 2330 1124 2385 pascite
1149 2336 1325 2380 taurum,

72 2390 155 2431 iam
179 2404 307 2431 cornu
329 2396 444 2444 petat
466 2396 508 2431 et
529 2391 706 2445 pedibus
730 2393 802 2446 qui
826 2398 996 2448 spargat
1019 2407 1199 2434 arenam.

72 2452 128 2493 D.
161 2451 247 2505 Qui
273 2458 332 2502 te,
357 2450 497 2502 Polio,
523 2459 646 2502 amat,
671 2454 823 2504 veniat,
848 2468 932 2507 quo
955 2460 996 2495 te
1020 2468 1186 2508 quoque
1210 2454 1384 2510 gaudet;

11 2516 14 2517 ⁷
73 2514 195 2555 mella
217 2513 348 2555 fluant
370 2513 448 2564 illi,
473 2513 580 2555 ferat
603 2520 645 2555 et
666 2514 796 2557 rubus
821 2530 944 2570 asper
966 2530 1189 2557 amomum.

72 2575 135 2618 M.
167 2575 252 2630 Qui
275 2576 454 2617 Bavium
479 2590 564 2617 non
588 2576 692 2626 odit,
718 2583 828 2619 amet
851 2584 923 2619 tua
946 2578 1145 2628 carmina,
1170 2577 1326 2629 Maevi,
1466 2594 1509 2625 90

74 2643 197 2692 atque
219 2638 331 2679 idem
354 2638 501 2694 iungat
524 2638 670 2694 vulpes
696 2645 736 2680 et
758 2640 943 2696 mulgeat
965 2640 1116 2682 hircos.

74 2699 131 2741 D.
162 2699 248 2753 Qui
271 2700 410 2756 legitis
434 2701 557 2743 flores
582 2707 623 2742 et
647 2701 763 2743 humi
787 2703 1001 2745 nascentia
1023 2703 1156 2759 fraga,

74 2761 268 2817 frigidus,
295 2777 320 2803 o
344 2763 478 2817 pueri,
503 2763 636 2819 fugite
659 2763 774 2815 hinc,
799 2764 900 2807 latet
923 2765 1071 2821 anguis
1095 2766 1140 2807 in
1162 2765 1303 2808 herba.
