1780 3074
547 268 808 309 AENEIDOS
833 269 933 306 LIB.
946 270 1033 307 Vll.

111 394 277 425 omnem
300 377 492 434 equidem
517 375 691 432 sceptris
715 380 868 417 terram
891 388 998 429 quae
1021 373 1151 416 libera
1172 374 1324 417 nostris

111 443 301 493 dissidet,
327 446 540 483 externam
562 454 656 482 reor
679 444 721 480 et
744 437 806 481 sic
829 438 966 480 dicere
989 438 1121 480 divos.

111 513 152 548 et
175 505 336 554 Turno,
363 503 399 545 si
421 503 556 558 prima
585 501 733 543 domus
757 506 967 557 repetatur
990 500 1119 556 origo,

108 567 291 610 Inachus
314 564 590 619 Acrisiusque
612 569 752 620 patres
775 563 1019 618 mediaeque
1043 562 1290 618 Mycenae.“

164 629 248 671 His
272 627 345 671 ubi
368 627 620 682 nequiquam
644 626 765 668 dictis
790 630 961 681 experta
983 625 1186 667 Latinum

110 697 252 734 contra
277 695 385 732 stare
408 689 540 739 videt,
564 688 814 744 penitusque
835 688 881 730 in
903 687 1064 729 viscera
1086 687 1252 743 lapsum

110 752 311 808 serpentis
334 750 482 792 furiale
505 750 662 791 malum
686 755 897 803 totamque
920 756 1115 805 pererrat,

109 820 199 855 tum
222 828 320 856 vero
343 813 506 863 infelix,
530 811 770 868 ingentibus
795 812 930 853 excita
952 812 1160 862 monstris,

108 876 342 918 inmensam
365 874 453 916 sine
477 889 592 916 more
617 874 717 915 furit
738 874 954 929 lymphata
976 888 1051 929 per
1073 874 1232 925 urbem,

109 951 187 980 ceu
210 937 421 991 quondam
444 942 551 978 torto
575 936 752 978 volitans
778 936 856 978 sub
880 935 1051 978 verbere
1075 936 1209 987 turbo,

108 1013 232 1053 quem
255 998 373 1054 pueri
396 1013 550 1054 magno
573 998 618 1039 in
640 1012 746 1053 gyro
769 1012 902 1040 vacua
926 998 1030 1039 atria
1054 998 1210 1040 circum

106 1060 252 1102 intenti
275 1060 374 1102 ludo
399 1067 610 1110 exercent3
634 1060 703 1101 ille
727 1066 844 1102 actus
867 1059 1032 1102 habena

108 1122 287 1164 curvatis
311 1122 442 1164 fertur
465 1122 608 1178 spatiis
616 1139 628 1173 3
654 1127 793 1178 stupet
816 1122 948 1164 inscia
973 1137 1099 1178 supra

107 1184 367 1240 inpubesque
390 1200 558 1235 manus,
583 1185 731 1227 mirata
754 1185 935 1227 volubile
958 1185 1137 1237 buxum3

108 1246 209 1288 (lant
232 1247 391 1288 animos
415 1247 576 1303 plagae.
602 1262 687 1288 non
711 1261 835 1289 cursu
861 1247 1028 1303 segnior
1050 1247 1121 1290 illo

108 1322 183 1364 per
205 1308 362 1350 medias
387 1308 511 1350 urbes
537 1309 673 1364 agitur
695 1309 954 1364 populosque
977 1309 1142 1351 ferocisa

109 1371 210 1424 quin
233 1370 357 1412 etiam
380 1370 424 1411 in
449 1370 574 1412 silvas
599 1371 791 1413 simulato
815 1371 984 1412 numine
1007 1371 1177 1422 Bacchi,

109 1432 243 1474 maius
268 1433 410 1474 adorta
434 1432 552 1474 nefas
577 1433 857 1486 maioremque
881 1447 976 1474 orsa
998 1432 1192 1483 furorem,

110 1493 247 1536 evolat
271 1500 312 1535 et
335 1501 475 1535 natam
499 1494 707 1536 frondosis
732 1493 944 1536 montibus
969 1493 1096 1545 abdit,

110 1570 192 1610 quo
217 1555 444 1597 thalamum
469 1556 615 1611 eripiat
639 1555 813 1598 Teucris
838 1556 1065 1610 taedasque
1088 1563 1285 1608 moretur,

110 1618 242 1659 euhoe
266 1618 432 1660 Bacche
455 1617 656 1668 fremens,
683 1618 818 1659 solum
842 1623 882 1659 te
906 1618 1066 1674 virgine
1090 1618 1265 1674 dignum

110 1679 361 1721 vociferans:
387 1679 540 1720 etenim
563 1679 698 1721 mollis
723 1680 799 1721 tibi
823 1694 986 1721 sumere
1010 1680 1188 1734 thyrsos,

111 1747 151 1782 te
174 1741 347 1782 lustrare
372 1740 516 1791 choro,
543 1756 706 1783 sacrum
730 1741 805 1783 tibi
826 1756 998 1797 pascere
1022 1742 1189 1783 crinem.

110 1803 223 1844 fama
245 1802 375 1853 volat,
401 1802 603 1858 furiisque
627 1818 823 1845 accensas
847 1809 1013 1859 pectore
1037 1810 1190 1846 matres

110 1865 220 1906 idem
243 1864 376 1906 omnis
403 1864 525 1906 simul
549 1865 671 1907 ardor
693 1866 798 1921 agit,
823 1880 932 1907 nova
955 1861 1151 1920 quaerere
1175 1874 1294 1908 tecta.

110 1926 327 1968 deseruere
351 1926 515 1977 domos,
540 1928 674 1969 ventis
699 1928 799 1969 dant
822 1927 928 1970 colla
952 1942 1174 1982 comasque
1182 1944 1194 1979 3

109 1994 174 2030 ast
197 1988 301 2030 aliae
325 1989 509 2031 tremulis
533 1989 758 2032 ululatibus
783 1990 950 2032 aethera
974 1990 1180 2046 conplent,

110 2050 432 2106 pampineasque
456 2058 606 2107 gerunt
628 2052 831 2094 incinctae
855 2052 1034 2108 pellibus
1058 2052 1215 2094 hastas.

107 2111 199 2167 ipsa
222 2111 328 2154 inter
349 2113 507 2155 medias
531 2114 776 2170 flagrantem
799 2114 960 2156 fervida
982 2115 1127 2170 pinum

109 2174 286 2216 sustinet
308 2189 357 2216 ac
380 2181 501 2217 natae
526 2175 739 2229 Turnique
764 2177 874 2217 canit
896 2176 1164 2232 hymenanS,

110 2235 382 2290 sanguineam
405 2241 599 2289 torquens
625 2237 774 2286 aciem,
800 2243 1046 2292 torvumque
1068 2243 1238 2292 repente

110 2295 277 2337 clamat:
306 2296 371 2346 „io
395 2303 566 2347 matres,
592 2297 748 2347 audite,
773 2298 846 2340 ubi
869 2313 1078 2352 quaeque,
1102 2299 1301 2340 Latinae:

112 2357 174 2409 „si
198 2371 280 2411 qua
302 2357 382 2412 piis
407 2358 554 2399 animis
578 2364 718 2399 manet
739 2359 916 2401 infelicis
939 2359 1120 2402 Amatae

110 2419 262 2475 gratia,
289 2418 325 2460 si
347 2419 448 2460 iuris
472 2419 647 2460 materni
671 2433 770 2461 cura
791 2421 1010 2470 remordet,

111 2480 257 2522 solvite
282 2480 445 2523 crinalis
468 2481 612 2531 vittas,
639 2481 772 2536 capite
796 2482 913 2538 orgia
936 2485 1138 2524 mecum.“

111 2542 236 2584 talem
258 2541 365 2584 inter
388 2542 534 2593 silvas,
558 2543 665 2584 inter
688 2543 852 2586 deserta
874 2544 1056 2586 ferarum

110 2604 296 2660 reginam
318 2603 484 2646 Allecto
509 2604 686 2647 stimulis
712 2605 798 2661 agit
821 2606 1003 2660 undique
1026 2605 1196 2648 Bacchi.

165 2665 396 2720 Postquam
422 2667 511 2709 visa
535 2666 634 2709 satis
658 2667 813 2722 primos
837 2668 999 2710 acuisse
1022 2668 1196 2718 furores,

111 2727 409 2783 consiliumque
434 2742 681 2783 omnemque
705 2729 875 2771 domum
898 2730 1072 2772 vertisse
1095 2731 1252 2781 Latini,

1385 261 1470 304 223

1499 451 1563 481 370

1499 762 1563 793 375

1500 1074 1565 1106 380

1499 1385 1564 1417 385

1500 1695 1565 1724 390

1499 2005 1564 2036 395

1496 2313 1563 2344 400

1493 2621 1558 2652 405
