1780 3074
569 306 827 344 AENEIDOS
844 306 942 342 LIB.
961 308 990 343 Ι.
1407 299 1462 340 99

98 414 204 456 forte
229 428 305 455 sua
327 411 503 468 Libycis
528 418 753 466 tempestas
778 410 938 466 adpulit
961 411 1056 453 oris.

98 491 191 518 sum
213 475 308 531 pius
331 474 520 524 Aeneas,
544 480 685 529 raptos
710 473 783 527 qui
806 488 859 515 ex
881 473 1002 515 hoste
1025 473 1206 515 Penates

98 538 231 580 classe
253 536 361 579 veho
385 546 567 585 mecum,
592 535 706 577 fama
730 549 855 590 super
878 534 1046 577 aethera
1068 542 1205 578 notus.

100 599 262 641 Italiam
286 613 440 653 quaero
462 597 640 653 patriam
664 603 705 638 et
727 611 861 653 genus
886 596 940 639 ab
962 597 1066 640 Iove
1091 612 1267 640 summo.
1489 612 1554 643 380

100 661 162 703 bis
187 661 304 702 denis
329 660 561 716 Phrygium
585 659 808 701 conscendi
830 658 1008 701 navibus
1032 674 1200 714 aequor,

98 729 228 765 matre
252 723 330 764 dea
354 727 607 764 monstrante
630 721 761 770 viam,
787 721 884 762 data
907 720 995 762 fata
1018 728 1207 772 secutus3

98 785 170 826 vix
193 790 353 840 septem
377 783 597 825 convolsae
621 782 744 823 undis
769 796 952 836 euroque
977 790 1212 838 supersunt.

97 847 187 902 ipse
210 846 395 902 ignotus,
422 859 568 900 egens,
593 843 759 898 Libyae
783 843 947 885 deserta
969 858 1159 900 peragro,

97 907 268 962 Europa
290 913 413 960 atque
436 905 543 947 Asia
566 904 753 960 pulsus.“
779 918 856 946 nec
878 904 1000 959 plura
1022 911 1263 959 querentem
1489 921 1554 952 385

97 984 222 1025 passa
244 967 388 1010 Venus
413 967 549 1009 medio
574 967 634 1009 sic
657 965 853 1008 interfata
876 966 1018 1009 dolore
1042 974 1125 1009 est:

155 1029 383 1083 „Quisquis
408 1043 472 1079 es,
498 1029 628 1078 haud,
655 1028 797 1078 credo,
822 1028 983 1070 invisus
1008 1029 1257 1072 caelestibus
1282 1045 1405 1073 auras

96 1091 231 1134 vitalis
256 1091 409 1146 carpis,
436 1090 607 1146 Tyriam
631 1090 703 1144 qui
726 1089 945 1132 adveneris
970 1090 1129 1132 urbem.

95 1167 221 1210 perge
244 1153 386 1203 modo,
412 1158 535 1206 atque
558 1152 656 1193 hinc
680 1158 720 1193 te
742 1152 913 1208 reginae
936 1153 991 1194 ad
1014 1152 1157 1195 limina
1177 1154 1328 1209 perfer.

95 1229 275 1269 namque
299 1214 374 1256 tibi
396 1214 570 1256 reduces
595 1214 731 1256 socios
756 1214 1017 1268 classemque
1040 1214 1215 1257 relatam
1489 1231 1555 1262 390

95 1277 239 1319 nuntio
264 1283 304 1318 et
327 1275 371 1317 in
394 1282 528 1317 tutum
551 1275 684 1318 versis
708 1275 973 1330 aquilonibus
998 1283 1147 1327 actam,

95 1340 139 1380 ni
168 1339 321 1380 frustra
344 1337 565 1393 augurium
587 1337 685 1379 vani
709 1338 886 1380 docuere
909 1345 1118 1394 parentes.

97 1401 237 1457 aspice
261 1400 325 1442 bis
351 1414 473 1441 senos
497 1399 688 1441 laetantis
714 1400 880 1456 agmine
905 1415 1073 1456 cycnos,

97 1462 278 1505 aetheria
301 1476 406 1515 quos
430 1461 549 1517 lapsa
570 1461 696 1517 plaga
719 1461 833 1503 Iovis
858 1462 944 1504 ales
968 1469 1113 1518 aperto
1135 1490 1138 1494 -

97 1523 289 1566 turbabat
311 1523 426 1565 caelo
433 1539 445 1574 3
469 1537 581 1565 nunc
604 1529 734 1564 terras
759 1523 903 1565 ordine
925 1523 1054 1580 longo
1491 1540 1555 1571 395

97 1592 168 1628 aut
191 1599 337 1640 capere
361 1590 433 1626 aut
456 1590 598 1640 captas
622 1584 706 1626 iam
730 1585 971 1640 despectare
995 1586 1205 1629 videntur:

96 1653 144 1689 ut
165 1647 338 1689 reduces
362 1646 423 1688 illi
445 1646 595 1688 ludunt
618 1647 886 1688 stridentibus
912 1647 988 1689 alis

98 1715 139 1751 et
162 1715 284 1751 coetu
307 1709 472 1750 cinxere
495 1708 639 1764 polum
664 1715 894 1762 cantusque
918 1709 1082 1759 dedere,

98 1770 211 1812 haud
233 1770 350 1812 aliter
372 1785 618 1825 puppesque
641 1777 738 1812 tuae
761 1770 978 1826 pubesque
1002 1777 1169 1813 tuorum

98 1838 170 1874 aut
191 1837 355 1888 portum
379 1838 508 1883 tenet,
534 1838 606 1874 aut
628 1832 752 1887 pleno
777 1831 889 1874 subit
912 1833 1020 1874 ostia
1042 1833 1149 1875 velo.
1489 1847 1557 1879 400

96 1908 224 1950 perge
247 1893 390 1944 modo,
417 1899 476 1944 et,
501 1908 587 1948 qua
609 1899 650 1936 te
674 1894 788 1935 ducit
810 1894 898 1944 via,
923 1894 1056 1951 dirige
1079 1900 1313 1951 gressumf‘

152 1956 293 2006 Dixit,
318 1962 360 1998 et
383 1962 573 1998 avertens
597 1970 720 1998 rosea
743 1956 904 1998 cervice
926 1956 1104 2007 refulsit,

98 2018 410 2089 ambrosiaeque
434 2032 578 2060 comae
602 2018 791 2060 divinum
814 2019 968 2060 vertice
993 2019 1163 2061 odorem

99 2080 323 2136 spiravere3
346 2080 475 2135 pedes
498 2080 628 2122 vestis
654 2080 827 2122 defluxit
850 2081 939 2122 ad‘
927 2096 1053 2132 1mos3

99 2149 140 2184 et
161 2156 259 2184 vera
281 2142 447 2184 incessu
470 2142 604 2197 patuit
627 2142 718 2184 dea.
742 2142 812 2184 ille
835 2142 909 2185 ubi
932 2149 1110 2185 matrem
1490 2159 1556 2190 405

99 2203 312 2260 adgnovit,
338 2204 411 2245 tali
434 2203 664 2259 fugientem
689 2209 754 2246 est
776 2218 879 2246 voce
905 2211 1092 2246 secutus:

101 2265 227 2319 „quid
251 2272 393 2306 natum
416 2265 586 2315 totiens,
611 2265 789 2307 crudelis
813 2271 860 2307 tu
882 2280 1067 2320 quoque,
1093 2266 1211 2308 falsis

98 2326 207 2368 ludis
230 2325 507 2381 imaginibus?
531 2341 605 2368 cur
628 2327 797 2369 dextrae
821 2327 994 2383 iungere
1019 2328 1208 2370 dextram

98 2403 183 2429 non
205 2387 343 2437 datur,
369 2401 418 2428 ac
442 2401 560 2428 veras
585 2388 726 2429 audire
750 2394 792 2429 et
814 2389 988 2430 reddere
1012 2391 1196 2431 voces?“

100 2449 250 2492 talibus
273 2449 435 2490 incusat
458 2463 733 2504 gressumque
756 2449 811 2490 ad
835 2450 1000 2491 moenia
1023 2452 1168 2492 tendit.
1311 2448 1336 2451 ⁷—
1490 2467 1557 2496 410

103 2516 145 2552 at
164 2510 310 2553 Venus
334 2510 512 2553 obscuro
535 2511 774 2567 gradientes
800 2525 895 2552 aere
920 2512 1088 2566 saepsit,
1335 2510 1339 2512 ’

105 2578 144 2613 et
165 2573 294 2615 multo
318 2572 494 2615 nebulae
519 2573 675 2615 circum
698 2573 778 2614 dea
800 2572 908 2614 fudit
933 2573 1102 2627 amictu,

106 2647 267 2676 cernere
289 2649 342 2676 ne
366 2635 459 2689 quis
485 2649 574 2685 eos,
600 2649 683 2676 neu
705 2635 799 2689 quis
823 2635 1063 2691 contingere
1086 2643 1242 2691 posset,

106 2694 288 2749 molirive
311 2711 488 2747 moram,
513 2703 586 2739 aut
609 2697 802 2739 veniendi
824 2711 998 2752 poscere
1022 2711 1207 2740 caussas.

109 2753 199 2810 ipsa
218 2756 410 2813 Paphum
434 2759 622 2802 sublimis
647 2759 752 2810 abit,
778 2759 982 2813 sedesque
1004 2760 1148 2802 revisit
1490 2775 1555 2806 415

1180 2832 1237 2869 7*
