<?xml version="1.0" encoding="UTF-8"?>
<!DOCTYPE html PUBLIC "-//W3C//DTD XHTML 1.0 Transitional//EN"
    "http://www.w3.org/TR/xhtml1/DTD/xhtml1-transitional.dtd">
<html xmlns="http://www.w3.org/1999/xhtml" xml:lang="en" lang="en">
 <head>
  <title>
</title>
<meta http-equiv="Content-Type" content="text/html;charset=utf-8" />
  <meta name='ocr-system' content='tesseract 3.04.00' />
  <meta name='ocr-capabilities' content='ocr_page ocr_carea ocr_par ocr_line ocrx_word'/>
</head>
<body>
  <div class='ocr_page' id='page_1' title='image "./operavirg00virguoft_0172.png"; bbox 0 0 1794 3048; ppageno 0'>
   <div class='ocr_carea' id='block_1_1' title="bbox 293 958 357 988">
    <p class='ocr_par' dir='ltr' id='par_1_1' title="bbox 293 958 357 988">
     <span class='ocr_line' id='line_1_1' title="bbox 293 958 357 988; baseline 0.016 -1"><span class='ocrx_word' id='word_1_1' title='bbox 293 958 357 988; x_wconf 81' lang='lat'>390</span> 
     </span>
    </p>
   </div>
   <div class='ocr_carea' id='block_1_2' title="bbox 293 1262 356 1293">
    <p class='ocr_par' dir='ltr' id='par_1_2' title="bbox 293 1262 356 1293">
     <span class='ocr_line' id='line_1_2' title="bbox 293 1262 356 1293; baseline 0.016 -1"><span class='ocrx_word' id='word_1_2' title='bbox 293 1262 356 1293; x_wconf 83' lang='lat'>395</span> 
     </span>
    </p>
   </div>
   <div class='ocr_carea' id='block_1_3' title="bbox 294 1565 358 1595">
    <p class='ocr_par' dir='ltr' id='par_1_3' title="bbox 294 1565 358 1595">
     <span class='ocr_line' id='line_1_3' title="bbox 294 1565 358 1595; baseline 0.016 -1"><span class='ocrx_word' id='word_1_3' title='bbox 294 1565 358 1595; x_wconf 79' lang='lat'>400</span> 
     </span>
    </p>
   </div>
   <div class='ocr_carea' id='block_1_4' title="bbox 293 1869 358 1899">
    <p class='ocr_par' dir='ltr' id='par_1_4' title="bbox 293 1869 358 1899">
     <span class='ocr_line' id='line_1_4' title="bbox 293 1869 358 1899; baseline 0.031 -2"><span class='ocrx_word' id='word_1_4' title='bbox 293 1869 358 1899; x_wconf 81' lang='lat'>405</span> 
     </span>
    </p>
   </div>
   <div class='ocr_carea' id='block_1_5' title="bbox 295 2173 360 2202">
    <p class='ocr_par' dir='ltr' id='par_1_5' title="bbox 295 2173 360 2202">
     <span class='ocr_line' id='line_1_5' title="bbox 295 2173 360 2202; baseline 0.015 -1"><span class='ocrx_word' id='word_1_5' title='bbox 295 2173 360 2202; x_wconf 67' lang='lat'>410</span> 
     </span>
    </p>
   </div>
   <div class='ocr_carea' id='block_1_6' title="bbox 295 2477 358 2507">
    <p class='ocr_par' dir='ltr' id='par_1_6' title="bbox 295 2477 358 2507">
     <span class='ocr_line' id='line_1_6' title="bbox 295 2477 358 2507; baseline 0.016 -1"><span class='ocrx_word' id='word_1_6' title='bbox 295 2477 358 2507; x_wconf 88' lang='lat'>415</span> 
     </span>
    </p>
   </div>
   <div class='ocr_carea' id='block_1_7' title="bbox 384 287 1316 331">
    <p class='ocr_par' dir='ltr' id='par_1_7' title="bbox 384 287 1316 331">
     <span class='ocr_line' id='line_1_7' title="bbox 384 287 1316 331; baseline 0.002 -3"><span class='ocrx_word' id='word_1_7' title='bbox 384 287 464 328; x_wconf 86' lang='lat'>140</span> <span class='ocrx_word' id='word_1_8' title='bbox 781 295 824 328; x_wconf 90' lang='lat' dir='ltr'>P.</span> <span class='ocrx_word' id='word_1_9' title='bbox 843 294 1075 329; x_wconf 83' lang='lat' dir='ltr'>VERGILH</span> <span class='ocrx_word' id='word_1_10' title='bbox 1092 293 1316 331; x_wconf 87' lang='lat' dir='ltr'><strong>MARONIS</strong></span> 
     </span>
    </p>
   </div>
   <div class='ocr_carea' id='block_1_8' title="bbox 378 394 1514 618">
    <p class='ocr_par' dir='ltr' id='par_1_8' title="bbox 378 394 1514 618">
     <span class='ocr_line' id='line_1_8' title="bbox 379 394 1514 451; baseline -0.001 -14"><span class='ocrx_word' id='word_1_11' title='bbox 379 396 577 451; x_wconf 87' lang='lat' dir='ltr'>principio</span> <span class='ocrx_word' id='word_1_12' title='bbox 600 395 779 443; x_wconf 86' lang='lat' dir='ltr'>Italiam,</span> <span class='ocrx_word' id='word_1_13' title='bbox 806 408 929 447; x_wconf 88' lang='lat' dir='ltr'>quam</span> <span class='ocrx_word' id='word_1_14' title='bbox 953 399 998 435; x_wconf 85' lang='lat' dir='ltr'>tu</span> <span class='ocrx_word' id='word_1_15' title='bbox 1019 394 1101 435; x_wconf 91' lang='lat' dir='ltr'>iam</span> <span class='ocrx_word' id='word_1_16' title='bbox 1123 408 1211 435; x_wconf 92' lang='lat' dir='ltr'>rere</span> <span class='ocrx_word' id='word_1_17' title='bbox 1234 395 1514 449; x_wconf 79' lang='lat' dir='ltr'>propinquam,</span> 
     </span>
     <span class='ocr_line' id='line_1_9' title="bbox 379 455 1351 510; baseline 0 -14"><span class='ocrx_word' id='word_1_18' title='bbox 379 456 633 509; x_wconf 87' lang='lat' dir='ltr'>vicinosque,</span> <span class='ocrx_word' id='word_1_19' title='bbox 657 456 816 510; x_wconf 84' lang='lat' dir='ltr'>ignare,</span> <span class='ocrx_word' id='word_1_20' title='bbox 840 469 960 509; x_wconf 88' lang='lat' dir='ltr'>paras</span> <span class='ocrx_word' id='word_1_21' title='bbox 984 455 1175 496; x_wconf 89' lang='lat' dir='ltr'>invadere</span> <span class='ocrx_word' id='word_1_22' title='bbox 1197 461 1351 510; x_wconf 89' lang='lat' dir='ltr'>portus,</span> 
     </span>
     <span class='ocr_line' id='line_1_10' title="bbox 378 515 1367 572; baseline 0 -15"><span class='ocrx_word' id='word_1_23' title='bbox 378 517 503 572; x_wconf 88' lang='lat' dir='ltr'>longa</span> <span class='ocrx_word' id='word_1_24' title='bbox 524 516 668 571; x_wconf 87' lang='lat' dir='ltr'>procul</span> <span class='ocrx_word' id='word_1_25' title='bbox 690 516 823 571; x_wconf 83' lang='lat' dir='ltr'>longis</span> <span class='ocrx_word' id='word_1_26' title='bbox 851 515 915 556; x_wconf 85' lang='lat' dir='ltr'>via</span> <span class='ocrx_word' id='word_1_27' title='bbox 938 515 1082 556; x_wconf 90' lang='lat' dir='ltr'>dividit</span> <span class='ocrx_word' id='word_1_28' title='bbox 1104 516 1215 557; x_wconf 88' lang='lat' dir='ltr'>invia</span> <span class='ocrx_word' id='word_1_29' title='bbox 1238 516 1367 558; x_wconf 87' lang='lat' dir='ltr'>terris.</span> 
     </span>
     <span class='ocr_line' id='line_1_11' title="bbox 380 576 1368 618; baseline 0.001 -1"><span class='ocrx_word' id='word_1_30' title='bbox 380 582 472 617; x_wconf 89' lang='lat' dir='ltr'>ante</span> <span class='ocrx_word' id='word_1_31' title='bbox 497 582 537 618; x_wconf 91' lang='lat' dir='ltr'>ct</span> <span class='ocrx_word' id='word_1_32' title='bbox 560 576 771 617; x_wconf 84' lang='lat' dir='ltr'>Trinacria</span> <span class='ocrx_word' id='word_1_33' title='bbox 792 576 1008 618; x_wconf 86' lang='lat' dir='ltr'>lentandus</span> <span class='ocrx_word' id='word_1_34' title='bbox 1032 591 1168 618; x_wconf 90' lang='lat' dir='ltr'>remus</span> <span class='ocrx_word' id='word_1_35' title='bbox 1192 577 1235 618; x_wconf 90' lang='lat' dir='ltr'>in</span> <span class='ocrx_word' id='word_1_36' title='bbox 1257 577 1368 618; x_wconf 86' lang='lat' dir='ltr'>unda</span> 
     </span>
    </p>
   </div>
   <div class='ocr_carea' id='block_1_9' title="bbox 339 636 1393 692">
    <p class='ocr_par' dir='ltr' id='par_1_9' title="bbox 339 636 1393 692">
     <span class='ocr_line' id='line_1_12' title="bbox 339 636 1393 692; baseline 0.002 -14"><span class='ocrx_word' id='word_1_37' title='bbox 339 650 352 665; x_wconf 50' lang='lat' dir='ltr'>f</span> <span class='ocrx_word' id='word_1_38' title='bbox 379 644 420 678; x_wconf 87' lang='lat' dir='ltr'>et</span> <span class='ocrx_word' id='word_1_39' title='bbox 443 637 539 679; x_wconf 87' lang='lat' dir='ltr'>salis</span> <span class='ocrx_word' id='word_1_40' title='bbox 563 636 742 679; x_wconf 88' lang='lat' dir='ltr'>Ausonii</span> <span class='ocrx_word' id='word_1_41' title='bbox 763 638 1021 679; x_wconf 87' lang='lat' dir='ltr'>lustrandum</span> <span class='ocrx_word' id='word_1_42' title='bbox 1043 638 1217 680; x_wconf 89' lang='lat' dir='ltr'>navibus</span> <span class='ocrx_word' id='word_1_43' title='bbox 1243 653 1393 692; x_wconf 88' lang='lat' dir='ltr'>aequor</span> 
     </span>
    </p>
   </div>
   <div class='ocr_carea' id='block_1_10' title="bbox 378 697 1386 1061">
    <p class='ocr_par' dir='ltr' id='par_1_10' title="bbox 378 697 1386 1061">
     <span class='ocr_line' id='line_1_13' title="bbox 378 697 1356 753; baseline 0.001 -14"><span class='ocrx_word' id='word_1_44' title='bbox 378 698 608 752; x_wconf 86' lang='lat' dir='ltr'>infernique</span> <span class='ocrx_word' id='word_1_45' title='bbox 631 699 746 740; x_wconf 88' lang='lat' dir='ltr'>lacus</span> <span class='ocrx_word' id='word_1_46' title='bbox 770 697 1017 753; x_wconf 83' lang='lat' dir='ltr'>Aeaeaeque</span> <span class='ocrx_word' id='word_1_47' title='bbox 1033 699 1174 740; x_wconf 86' lang='lat' dir='ltr'>insula</span> <span class='ocrx_word' id='word_1_48' title='bbox 1199 698 1356 749; x_wconf 79' lang='lat' dir='ltr'>Circae,</span> 
     </span>
     <span class='ocr_line' id='line_1_14' title="bbox 381 759 1333 816; baseline 0.001 -15"><span class='ocrx_word' id='word_1_49' title='bbox 381 775 505 814; x_wconf 88' lang='lat' dir='ltr'>quam</span> <span class='ocrx_word' id='word_1_50' title='bbox 528 766 616 801; x_wconf 86' lang='lat' dir='ltr'>tuta</span> <span class='ocrx_word' id='word_1_51' title='bbox 638 760 772 815; x_wconf 89' lang='lat' dir='ltr'>possis</span> <span class='ocrx_word' id='word_1_52' title='bbox 796 759 940 802; x_wconf 89' lang='lat' dir='ltr'>urbem</span> <span class='ocrx_word' id='word_1_53' title='bbox 964 775 1192 816; x_wconf 84' lang='lat' dir='ltr'>conponere</span> <span class='ocrx_word' id='word_1_54' title='bbox 1216 766 1333 802; x_wconf 88' lang='lat' dir='ltr'>terra.</span> 
     </span>
     <span class='ocr_line' id='line_1_15' title="bbox 381 821 1361 877; baseline 0 -14"><span class='ocrx_word' id='word_1_55' title='bbox 381 823 499 877; x_wconf 86' lang='lat' dir='ltr'>signa</span> <span class='ocrx_word' id='word_1_56' title='bbox 522 821 596 862; x_wconf 86' lang='lat' dir='ltr'>tibi</span> <span class='ocrx_word' id='word_1_57' title='bbox 619 822 770 872; x_wconf 85' lang='lat' dir='ltr'>dicam3</span> <span class='ocrx_word' id='word_1_58' title='bbox 795 827 841 862; x_wconf 93' lang='lat' dir='ltr'>tu</span> <span class='ocrx_word' id='word_1_59' title='bbox 864 821 1027 863; x_wconf 85' lang='lat' dir='ltr'>condita</span> <span class='ocrx_word' id='word_1_60' title='bbox 1049 828 1184 863; x_wconf 91' lang='lat' dir='ltr'>mente</span> <span class='ocrx_word' id='word_1_61' title='bbox 1207 827 1361 863; x_wconf 88' lang='lat' dir='ltr'>teneto:</span> 
     </span>
     <span class='ocr_line' id='line_1_16' title="bbox 380 882 1386 925; baseline -0.001 -1"><span class='ocrx_word' id='word_1_62' title='bbox 380 898 474 925; x_wconf 87' lang='lat' dir='ltr'>cum</span> <span class='ocrx_word' id='word_1_63' title='bbox 497 883 570 924; x_wconf 88' lang='lat' dir='ltr'>tibi</span> <span class='ocrx_word' id='word_1_64' title='bbox 595 883 765 924; x_wconf 85' lang='lat' dir='ltr'>sollicito</span> <span class='ocrx_word' id='word_1_65' title='bbox 790 882 934 924; x_wconf 82' lang='lat' dir='ltr'>secreti</span> <span class='ocrx_word' id='word_1_66' title='bbox 957 883 1011 924; x_wconf 88' lang='lat' dir='ltr'>ad</span> <span class='ocrx_word' id='word_1_67' title='bbox 1032 882 1209 924; x_wconf 88' lang='lat' dir='ltr'>fluminis</span> <span class='ocrx_word' id='word_1_68' title='bbox 1233 883 1386 924; x_wconf 88' lang='lat' dir='ltr'>undam</span> 
     </span>
     <span class='ocr_line' id='line_1_17' title="bbox 378 943 1270 999; baseline 0 -13"><span class='ocrx_word' id='word_1_69' title='bbox 378 944 531 986; x_wconf 89' lang='lat' dir='ltr'>litoreis</span> <span class='ocrx_word' id='word_1_70' title='bbox 555 944 699 999; x_wconf 83' lang='lat' dir='ltr'>ingens</span> <span class='ocrx_word' id='word_1_71' title='bbox 723 943 890 984; x_wconf 89' lang='lat' dir='ltr'>inventa</span> <span class='ocrx_word' id='word_1_72' title='bbox 914 943 990 985; x_wconf 91' lang='lat' dir='ltr'>sub</span> <span class='ocrx_word' id='word_1_73' title='bbox 1014 943 1174 985; x_wconf 83' lang='lat' dir='ltr'>ilicibus</span> <span class='ocrx_word' id='word_1_74' title='bbox 1200 958 1270 986; x_wconf 90' lang='lat' dir='ltr'>sus</span> 
     </span>
     <span class='ocr_line' id='line_1_18' title="bbox 380 1004 1206 1061; baseline 0 -15"><span class='ocrx_word' id='word_1_75' title='bbox 380 1005 546 1061; x_wconf 86' lang='lat' dir='ltr'>triginta</span> <span class='ocrx_word' id='word_1_76' title='bbox 569 1005 747 1059; x_wconf 85' lang='lat' dir='ltr'>capitum</span> <span class='ocrx_word' id='word_1_77' title='bbox 770 1004 878 1046; x_wconf 86' lang='lat' dir='ltr'>fetus</span> <span class='ocrx_word' id='word_1_78' title='bbox 904 1004 1024 1046; x_wconf 82' lang='lat' dir='ltr'>enixa</span> <span class='ocrx_word' id='word_1_79' title='bbox 1046 1004 1206 1054; x_wconf 87' lang='lat' dir='ltr'>iacebit,</span> 
     </span>
    </p>
   </div>
   <div class='ocr_carea' id='block_1_11' title="bbox 366 1065 1400 1117">
    <p class='ocr_par' dir='ltr' id='par_1_11' title="bbox 366 1065 1400 1117">
     <span class='ocr_line' id='line_1_19' title="bbox 366 1065 1400 1117; baseline 0 -10"><span class='ocrx_word' id='word_1_80' title='bbox 366 1066 491 1117; x_wconf 78' lang='lat' dir='ltr'>alba,</span> <span class='ocrx_word' id='word_1_81' title='bbox 518 1066 604 1107; x_wconf 90' lang='lat' dir='ltr'>solo</span> <span class='ocrx_word' id='word_1_82' title='bbox 628 1065 847 1115; x_wconf 85' lang='lat' dir='ltr'>recubans,</span> <span class='ocrx_word' id='word_1_83' title='bbox 873 1065 955 1107; x_wconf 87' lang='lat' dir='ltr'>albi</span> <span class='ocrx_word' id='word_1_84' title='bbox 979 1066 1131 1107; x_wconf 85' lang='lat' dir='ltr'>circum</span> <span class='ocrx_word' id='word_1_85' title='bbox 1153 1065 1282 1107; x_wconf 84' lang='lat' dir='ltr'>ubera</span> <span class='ocrx_word' id='word_1_86' title='bbox 1304 1066 1400 1116; x_wconf 86' lang='lat' dir='ltr'>nati,</span> 
     </span>
    </p>
   </div>
   <div class='ocr_carea' id='block_1_12' title="bbox 379 1125 1598 2763">
    <p class='ocr_par' dir='ltr' id='par_1_12' title="bbox 379 1125 1417 1179">
     <span class='ocr_line' id='line_1_20' title="bbox 379 1125 1417 1179; baseline -0.001 -11"><span class='ocrx_word' id='word_1_87' title='bbox 379 1127 415 1168; x_wconf 89' lang='lat' dir='ltr'>is</span> <span class='ocrx_word' id='word_1_88' title='bbox 439 1127 553 1168; x_wconf 89' lang='lat' dir='ltr'>locus</span> <span class='ocrx_word' id='word_1_89' title='bbox 577 1125 690 1167; x_wconf 90' lang='lat' dir='ltr'>urbis</span> <span class='ocrx_word' id='word_1_90' title='bbox 715 1126 807 1176; x_wconf 90' lang='lat' dir='ltr'>erit,</span> <span class='ocrx_word' id='word_1_91' title='bbox 831 1126 992 1179; x_wconf 81' lang='lat' dir='ltr'>requies</span> <span class='ocrx_word' id='word_1_92' title='bbox 1017 1140 1066 1167; x_wconf 90' lang='lat' dir='ltr'>ea</span> <span class='ocrx_word' id='word_1_93' title='bbox 1089 1131 1198 1167; x_wconf 87' lang='lat' dir='ltr'>certa</span> <span class='ocrx_word' id='word_1_94' title='bbox 1220 1126 1417 1167; x_wconf 91' lang='lat' dir='ltr'>laborum.</span> 
     </span>
    </p>

    <p class='ocr_par' dir='ltr' id='par_1_13' title="bbox 381 1186 1378 1243">
     <span class='ocr_line' id='line_1_21' title="bbox 381 1186 1378 1243; baseline -0.001 -14"><span class='ocrx_word' id='word_1_95' title='bbox 381 1202 456 1229; x_wconf 91' lang='lat' dir='ltr'>nec</span> <span class='ocrx_word' id='word_1_96' title='bbox 480 1194 524 1228; x_wconf 94' lang='lat' dir='ltr'>tu</span> <span class='ocrx_word' id='word_1_97' title='bbox 548 1201 782 1228; x_wconf 87' lang='lat' dir='ltr'>mensarum</span> <span class='ocrx_word' id='word_1_98' title='bbox 805 1201 964 1228; x_wconf 88' lang='lat' dir='ltr'>morsus</span> <span class='ocrx_word' id='word_1_99' title='bbox 987 1186 1177 1243; x_wconf 81' lang='lat' dir='ltr'>horresce</span> <span class='ocrx_word' id='word_1_100' title='bbox 1200 1187 1378 1228; x_wconf 84' lang='lat' dir='ltr'>futuros:</span> 
     </span>
    </p>

    <p class='ocr_par' dir='ltr' id='par_1_14' title="bbox 380 1246 1482 1546">
     <span class='ocr_line' id='line_1_22' title="bbox 380 1246 1440 1301; baseline -0.001 -12"><span class='ocrx_word' id='word_1_101' title='bbox 380 1248 467 1289; x_wconf 82' lang='lat' dir='ltr'>fata</span> <span class='ocrx_word' id='word_1_102' title='bbox 489 1248 599 1288; x_wconf 82' lang='lat' dir='ltr'>viam</span> <span class='ocrx_word' id='word_1_103' title='bbox 621 1247 828 1288; x_wconf 88' lang='lat' dir='ltr'>invenient</span> <span class='ocrx_word' id='word_1_104' title='bbox 851 1247 1059 1300; x_wconf 87' lang='lat' dir='ltr'>aderitque</span> <span class='ocrx_word' id='word_1_105' title='bbox 1082 1255 1251 1288; x_wconf 87' lang='lat' dir='ltr'>vocatus</span> <span class='ocrx_word' id='word_1_106' title='bbox 1275 1246 1440 1301; x_wconf 86' lang='lat' dir='ltr'>Apollo.</span> 
     </span>
     <span class='ocr_line' id='line_1_23' title="bbox 380 1307 1391 1361; baseline -0.002 -11"><span class='ocrx_word' id='word_1_107' title='bbox 380 1310 456 1350; x_wconf 88' lang='lat' dir='ltr'>has</span> <span class='ocrx_word' id='word_1_108' title='bbox 481 1315 618 1349; x_wconf 91' lang='lat' dir='ltr'>autem</span> <span class='ocrx_word' id='word_1_109' title='bbox 641 1314 766 1349; x_wconf 83' lang='lat' dir='ltr'>terras</span> <span class='ocrx_word' id='word_1_110' title='bbox 790 1307 964 1361; x_wconf 81' lang='lat' dir='ltr'>Italique</span> <span class='ocrx_word' id='word_1_111' title='bbox 988 1307 1093 1348; x_wconf 87' lang='lat' dir='ltr'>hane</span> <span class='ocrx_word' id='word_1_112' title='bbox 1115 1307 1242 1348; x_wconf 87' lang='lat' dir='ltr'>litoris</span> <span class='ocrx_word' id='word_1_113' title='bbox 1267 1322 1391 1357; x_wconf 86' lang='lat' dir='ltr'>oram,</span> 
     </span>
     <span class='ocr_line' id='line_1_24' title="bbox 380 1368 1482 1425; baseline -0.002 -14"><span class='ocrx_word' id='word_1_114' title='bbox 380 1370 567 1425; x_wconf 83' lang='lat' dir='ltr'>proxima</span> <span class='ocrx_word' id='word_1_115' title='bbox 589 1384 694 1423; x_wconf 88' lang='lat' dir='ltr'>quae</span> <span class='ocrx_word' id='word_1_116' title='bbox 716 1369 845 1410; x_wconf 79' lang='lat' dir='ltr'>nostri</span> <span class='ocrx_word' id='word_1_117' title='bbox 866 1368 1122 1423; x_wconf 67' lang='lat' dir='ltr'>perfundittu</span> <span class='ocrx_word' id='word_1_118' title='bbox 1145 1369 1330 1422; x_wconf 88' lang='lat' dir='ltr'>aequoris</span> <span class='ocrx_word' id='word_1_119' title='bbox 1355 1374 1482 1418; x_wconf 88' lang='lat' dir='ltr'>aestu,</span> 
     </span>
     <span class='ocr_line' id='line_1_25' title="bbox 382 1428 1452 1486; baseline -0.002 -14"><span class='ocrx_word' id='word_1_120' title='bbox 382 1432 538 1486; x_wconf 83' lang='lat' dir='ltr'>effuge3</span> <span class='ocrx_word' id='word_1_121' title='bbox 564 1436 710 1471; x_wconf 83' lang='lat' dir='ltr'>cuneta</span> <span class='ocrx_word' id='word_1_122' title='bbox 732 1429 850 1471; x_wconf 86' lang='lat' dir='ltr'>malis</span> <span class='ocrx_word' id='word_1_123' title='bbox 874 1429 1108 1471; x_wconf 81' lang='lat' dir='ltr'>habitantur</span> <span class='ocrx_word' id='word_1_124' title='bbox 1130 1430 1291 1471; x_wconf 87' lang='lat' dir='ltr'>moenia</span> <span class='ocrx_word' id='word_1_125' title='bbox 1315 1428 1452 1471; x_wconf 86' lang='lat' dir='ltr'>Grais.</span> 
     </span>
     <span class='ocr_line' id='line_1_26' title="bbox 381 1491 1286 1546; baseline 0 -14"><span class='ocrx_word' id='word_1_126' title='bbox 381 1492 447 1533; x_wconf 88' lang='lat' dir='ltr'>hic</span> <span class='ocrx_word' id='word_1_127' title='bbox 471 1497 511 1532; x_wconf 89' lang='lat' dir='ltr'>et</span> <span class='ocrx_word' id='word_1_128' title='bbox 532 1491 699 1545; x_wconf 86' lang='lat' dir='ltr'>Narycii</span> <span class='ocrx_word' id='word_1_129' title='bbox 720 1497 945 1546; x_wconf 90' lang='lat' dir='ltr'>posuerunt</span> <span class='ocrx_word' id='word_1_130' title='bbox 966 1491 1127 1532; x_wconf 87' lang='lat' dir='ltr'>moenia</span> <span class='ocrx_word' id='word_1_131' title='bbox 1149 1491 1286 1541; x_wconf 90' lang='lat' dir='ltr'>Locri,</span> 
     </span>
    </p>

    <p class='ocr_par' dir='ltr' id='par_1_15' title="bbox 383 1551 1220 1607">
     <span class='ocr_line' id='line_1_27' title="bbox 383 1551 1220 1607; baseline 0 -14"><span class='ocrx_word' id='word_1_132' title='bbox 383 1559 422 1593; x_wconf 91' lang='lat' dir='ltr'>et</span> <span class='ocrx_word' id='word_1_133' title='bbox 448 1551 696 1594; x_wconf 84' lang='lat' dir='ltr'>Sallentinos</span> <span class='ocrx_word' id='word_1_134' title='bbox 721 1551 882 1594; x_wconf 85' lang='lat' dir='ltr'>obsedit</span> <span class='ocrx_word' id='word_1_135' title='bbox 904 1552 1030 1593; x_wconf 90' lang='lat' dir='ltr'>milite</span> <span class='ocrx_word' id='word_1_136' title='bbox 1055 1567 1220 1607; x_wconf 87' lang='lat' dir='ltr'>campos</span> 
     </span>
    </p>

    <p class='ocr_par' dir='ltr' id='par_1_16' title="bbox 381 1612 1387 1730">
     <span class='ocr_line' id='line_1_28' title="bbox 381 1612 1387 1668; baseline -0.001 -13"><span class='ocrx_word' id='word_1_137' title='bbox 381 1612 556 1668; x_wconf 85' lang='lat' dir='ltr'>Lyctius</span> <span class='ocrx_word' id='word_1_138' title='bbox 581 1613 827 1655; x_wconf 89' lang='lat' dir='ltr'>Idomeneus</span> <span class='ocrx_word' id='word_1_139' title='bbox 835 1629 846 1663; x_wconf 82' lang='lat'>3</span> <span class='ocrx_word' id='word_1_140' title='bbox 871 1613 938 1654; x_wconf 89' lang='lat' dir='ltr'>hic</span> <span class='ocrx_word' id='word_1_141' title='bbox 960 1613 1029 1654; x_wconf 87' lang='lat' dir='ltr'>illa</span> <span class='ocrx_word' id='word_1_142' title='bbox 1052 1613 1166 1654; x_wconf 87' lang='lat' dir='ltr'>ducis</span> <span class='ocrx_word' id='word_1_143' title='bbox 1190 1612 1387 1654; x_wconf 86' lang='lat' dir='ltr'>Meliboei</span> 
     </span>
     <span class='ocr_line' id='line_1_29' title="bbox 381 1674 1313 1730; baseline 0 -15"><span class='ocrx_word' id='word_1_144' title='bbox 381 1690 509 1730; x_wconf 83' lang='lat' dir='ltr'>parva</span> <span class='ocrx_word' id='word_1_145' title='bbox 530 1674 784 1716; x_wconf 87' lang='lat' dir='ltr'>Philoctetae</span> <span class='ocrx_word' id='word_1_146' title='bbox 808 1674 982 1716; x_wconf 87' lang='lat' dir='ltr'>subnixa</span> <span class='ocrx_word' id='word_1_147' title='bbox 1005 1674 1162 1716; x_wconf 87' lang='lat' dir='ltr'>Petelia</span> <span class='ocrx_word' id='word_1_148' title='bbox 1185 1689 1313 1715; x_wconf 71' lang='lat' dir='ltr'>muro,</span> 
     </span>
    </p>

    <p class='ocr_par' dir='ltr' id='par_1_17' title="bbox 382 1735 1598 1851">
     <span class='ocr_line' id='line_1_30' title="bbox 382 1735 1598 1789; baseline 0.002 -13"><span class='ocrx_word' id='word_1_149' title='bbox 382 1735 498 1788; x_wconf 87' lang='lat' dir='ltr'>quin,</span> <span class='ocrx_word' id='word_1_150' title='bbox 524 1735 595 1777; x_wconf 91' lang='lat' dir='ltr'>ubi</span> <span class='ocrx_word' id='word_1_151' title='bbox 619 1735 881 1776; x_wconf 85' lang='lat' dir='ltr'>transmissae</span> <span class='ocrx_word' id='word_1_152' title='bbox 906 1735 1089 1776; x_wconf 89' lang='lat' dir='ltr'>steterint</span> <span class='ocrx_word' id='word_1_153' title='bbox 1113 1740 1223 1776; x_wconf 88' lang='lat' dir='ltr'>trans</span> <span class='ocrx_word' id='word_1_154' title='bbox 1248 1749 1424 1789; x_wconf 85' lang='lat' dir='ltr'>aequora</span> <span class='ocrx_word' id='word_1_155' title='bbox 1448 1735 1598 1778; x_wconf 87' lang='lat' dir='ltr'>classes</span> 
     </span>
     <span class='ocr_line' id='line_1_31' title="bbox 382 1796 1292 1851; baseline 0.002 -15"><span class='ocrx_word' id='word_1_156' title='bbox 382 1802 422 1837; x_wconf 89' lang='lat' dir='ltr'>et</span> <span class='ocrx_word' id='word_1_157' title='bbox 444 1796 588 1851; x_wconf 86' lang='lat' dir='ltr'>positis</span> <span class='ocrx_word' id='word_1_158' title='bbox 613 1797 692 1838; x_wconf 87' lang='lat' dir='ltr'>aris</span> <span class='ocrx_word' id='word_1_159' title='bbox 716 1797 799 1838; x_wconf 86' lang='lat' dir='ltr'>iam</span> <span class='ocrx_word' id='word_1_160' title='bbox 821 1802 918 1838; x_wconf 88' lang='lat' dir='ltr'>vota</span> <span class='ocrx_word' id='word_1_161' title='bbox 939 1796 983 1837; x_wconf 88' lang='lat' dir='ltr'>in</span> <span class='ocrx_word' id='word_1_162' title='bbox 1005 1796 1121 1838; x_wconf 89' lang='lat' dir='ltr'>litore</span> <span class='ocrx_word' id='word_1_163' title='bbox 1146 1796 1292 1846; x_wconf 88' lang='lat' dir='ltr'>solves,</span> 
     </span>
    </p>

    <p class='ocr_par' dir='ltr' id='par_1_18' title="bbox 381 1856 1395 1911">
     <span class='ocr_line' id='line_1_32' title="bbox 381 1856 1395 1911; baseline 0.002 -15"><span class='ocrx_word' id='word_1_164' title='bbox 381 1871 586 1911; x_wconf 81' lang='lat' dir='ltr'>purpureo</span> <span class='ocrx_word' id='word_1_165' title='bbox 609 1856 745 1898; x_wconf 86' lang='lat' dir='ltr'>velare</span> <span class='ocrx_word' id='word_1_166' title='bbox 769 1870 907 1898; x_wconf 88' lang='lat' dir='ltr'>comas</span> <span class='ocrx_word' id='word_1_167' title='bbox 931 1857 1149 1911; x_wconf 87' lang='lat' dir='ltr'>adopertus</span> <span class='ocrx_word' id='word_1_168' title='bbox 1174 1857 1336 1907; x_wconf 87' lang='lat' dir='ltr'>amictu,</span> <span class='ocrx_word' id='word_1_169' title='bbox 1393 1890 1395 1892; x_wconf 20' lang='lat' dir='ltr'>r</span> 
     </span>
    </p>

    <p class='ocr_par' dir='ltr' id='par_1_19' title="bbox 382 1917 1420 2019">
     <span class='ocr_line' id='line_1_33' title="bbox 382 1917 1420 1972; baseline 0.001 -15"><span class='ocrx_word' id='word_1_170' title='bbox 382 1932 435 1958; x_wconf 91' lang='lat' dir='ltr'>ne</span> <span class='ocrx_word' id='word_1_171' title='bbox 459 1931 539 1971; x_wconf 87' lang='lat' dir='ltr'>qua</span> <span class='ocrx_word' id='word_1_172' title='bbox 562 1917 666 1958; x_wconf 88' lang='lat' dir='ltr'>inter</span> <span class='ocrx_word' id='word_1_173' title='bbox 690 1922 852 1958; x_wconf 82' lang='lat' dir='ltr'>sanctos</span> <span class='ocrx_word' id='word_1_174' title='bbox 876 1917 984 1972; x_wconf 85' lang='lat' dir='ltr'>ignis</span> <span class='ocrx_word' id='word_1_175' title='bbox 1009 1917 1051 1958; x_wconf 90' lang='lat' dir='ltr'>in</span> <span class='ocrx_word' id='word_1_176' title='bbox 1073 1917 1226 1959; x_wconf 89' lang='lat' dir='ltr'>honore</span> <span class='ocrx_word' id='word_1_177' title='bbox 1250 1917 1420 1959; x_wconf 88' lang='lat' dir='ltr'>deorum</span> 
     </span>
     <span class='ocr_line' id='line_1_34' title="bbox 382 1977 1291 2019; baseline 0 -1"><span class='ocrx_word' id='word_1_178' title='bbox 382 1978 541 2019; x_wconf 91' lang='lat' dir='ltr'>hostilis</span> <span class='ocrx_word' id='word_1_179' title='bbox 566 1978 692 2019; x_wconf 88' lang='lat' dir='ltr'>facies</span> <span class='ocrx_word' id='word_1_180' title='bbox 717 1983 901 2019; x_wconf 86' lang='lat' dir='ltr'>occurrat</span> <span class='ocrx_word' id='word_1_181' title='bbox 925 1983 965 2019; x_wconf 92' lang='lat' dir='ltr'>et</span> <span class='ocrx_word' id='word_1_182' title='bbox 987 1978 1123 2019; x_wconf 87' lang='lat' dir='ltr'>omina</span> <span class='ocrx_word' id='word_1_183' title='bbox 1145 1977 1291 2019; x_wconf 89' lang='lat' dir='ltr'>turbet.</span> 
     </span>
    </p>

    <p class='ocr_par' dir='ltr' id='par_1_20' title="bbox 383 2038 1463 2154">
     <span class='ocr_line' id='line_1_35' title="bbox 383 2038 1463 2092; baseline 0.001 -13"><span class='ocrx_word' id='word_1_184' title='bbox 383 2038 493 2080; x_wconf 88' lang='lat' dir='ltr'>hune</span> <span class='ocrx_word' id='word_1_185' title='bbox 518 2038 618 2079; x_wconf 87' lang='lat' dir='ltr'>socii</span> <span class='ocrx_word' id='word_1_186' title='bbox 640 2052 795 2079; x_wconf 89' lang='lat' dir='ltr'>morem</span> <span class='ocrx_word' id='word_1_187' title='bbox 819 2052 1043 2088; x_wconf 88' lang='lat' dir='ltr'>sacrorum,</span> <span class='ocrx_word' id='word_1_188' title='bbox 1067 2038 1177 2079; x_wconf 87' lang='lat' dir='ltr'>hune</span> <span class='ocrx_word' id='word_1_189' title='bbox 1199 2038 1287 2092; x_wconf 90' lang='lat' dir='ltr'>ipse</span> <span class='ocrx_word' id='word_1_190' title='bbox 1310 2043 1443 2080; x_wconf 88' lang='lat' dir='ltr'>teneto</span> <span class='ocrx_word' id='word_1_191' title='bbox 1451 2055 1463 2089; x_wconf 92' lang='lat'>;</span> 
     </span>
     <span class='ocr_line' id='line_1_36' title="bbox 383 2098 1285 2154; baseline 0.001 -15"><span class='ocrx_word' id='word_1_192' title='bbox 383 2099 460 2140; x_wconf 88' lang='lat' dir='ltr'>hac</span> <span class='ocrx_word' id='word_1_193' title='bbox 484 2099 586 2140; x_wconf 84' lang='lat' dir='ltr'>casti</span> <span class='ocrx_word' id='word_1_194' title='bbox 608 2104 800 2139; x_wconf 88' lang='lat' dir='ltr'>maneant</span> <span class='ocrx_word' id='word_1_195' title='bbox 821 2098 864 2139; x_wconf 89' lang='lat' dir='ltr'>in</span> <span class='ocrx_word' id='word_1_196' title='bbox 885 2098 1082 2154; x_wconf 84' lang='lat' dir='ltr'>religione</span> <span class='ocrx_word' id='word_1_197' title='bbox 1104 2105 1285 2154; x_wconf 88' lang='lat' dir='ltr'>nepotes.</span> 
     </span>
    </p>

    <p class='ocr_par' dir='ltr' id='par_1_21' title="bbox 383 2158 1414 2276">
     <span class='ocr_line' id='line_1_37' title="bbox 384 2158 1414 2215; baseline 0.001 -15"><span class='ocrx_word' id='word_1_198' title='bbox 384 2165 449 2201; x_wconf 86' lang='lat' dir='ltr'>ast</span> <span class='ocrx_word' id='word_1_199' title='bbox 472 2159 543 2201; x_wconf 89' lang='lat' dir='ltr'>ubi</span> <span class='ocrx_word' id='word_1_200' title='bbox 566 2159 798 2215; x_wconf 85' lang='lat' dir='ltr'>digressum</span> <span class='ocrx_word' id='word_1_201' title='bbox 823 2158 987 2201; x_wconf 84' lang='lat' dir='ltr'>Siculae</span> <span class='ocrx_word' id='word_1_202' title='bbox 1010 2165 1050 2201; x_wconf 91' lang='lat' dir='ltr'>te</span> <span class='ocrx_word' id='word_1_203' title='bbox 1073 2160 1297 2201; x_wconf 86' lang='lat' dir='ltr'>admoverit</span> <span class='ocrx_word' id='word_1_204' title='bbox 1320 2174 1414 2202; x_wconf 90' lang='lat' dir='ltr'>orae</span> 
     </span>
     <span class='ocr_line' id='line_1_38' title="bbox 383 2220 1380 2276; baseline 0.001 -15"><span class='ocrx_word' id='word_1_205' title='bbox 383 2226 528 2262; x_wconf 88' lang='lat' dir='ltr'>ventus</span> <span class='ocrx_word' id='word_1_206' title='bbox 553 2226 593 2262; x_wconf 88' lang='lat' dir='ltr'>et</span> <span class='ocrx_word' id='word_1_207' title='bbox 616 2220 780 2276; x_wconf 82' lang='lat' dir='ltr'>angusti</span> <span class='ocrx_word' id='word_1_208' title='bbox 801 2225 1009 2261; x_wconf 87' lang='lat' dir='ltr'>rarescent</span> <span class='ocrx_word' id='word_1_209' title='bbox 1032 2220 1208 2262; x_wconf 87' lang='lat' dir='ltr'>claustra</span> <span class='ocrx_word' id='word_1_210' title='bbox 1229 2220 1380 2270; x_wconf 90' lang='lat' dir='ltr'>Pelori,</span> 
     </span>
    </p>

    <p class='ocr_par' dir='ltr' id='par_1_22' title="bbox 380 2281 1300 2337">
     <span class='ocr_line' id='line_1_39' title="bbox 380 2281 1300 2337; baseline 0 -15"><span class='ocrx_word' id='word_1_211' title='bbox 380 2281 498 2322; x_wconf 86' lang='lat' dir='ltr'>laeva</span> <span class='ocrx_word' id='word_1_212' title='bbox 521 2281 595 2323; x_wconf 89' lang='lat' dir='ltr'>tibi</span> <span class='ocrx_word' id='word_1_213' title='bbox 617 2281 736 2323; x_wconf 89' lang='lat' dir='ltr'>tellus</span> <span class='ocrx_word' id='word_1_214' title='bbox 762 2286 803 2323; x_wconf 87' lang='lat' dir='ltr'>et</span> <span class='ocrx_word' id='word_1_215' title='bbox 824 2281 947 2337; x_wconf 84' lang='lat' dir='ltr'>longo</span> <span class='ocrx_word' id='word_1_216' title='bbox 970 2281 1088 2322; x_wconf 87' lang='lat' dir='ltr'>laeva</span> <span class='ocrx_word' id='word_1_217' title='bbox 1109 2287 1300 2336; x_wconf 87' lang='lat' dir='ltr'>petantur</span> 
     </span>
    </p>

    <p class='ocr_par' dir='ltr' id='par_1_23' title="bbox 381 2343 1552 2763">
     <span class='ocr_line' id='line_1_40' title="bbox 383 2343 1457 2398; baseline 0 -14"><span class='ocrx_word' id='word_1_218' title='bbox 383 2357 560 2396; x_wconf 88' lang='lat' dir='ltr'>aequora</span> <span class='ocrx_word' id='word_1_219' title='bbox 583 2343 772 2394; x_wconf 82' lang='lat' dir='ltr'>circuitu3</span> <span class='ocrx_word' id='word_1_220' title='bbox 797 2343 986 2384; x_wconf 88' lang='lat' dir='ltr'>dextrum</span> <span class='ocrx_word' id='word_1_221' title='bbox 1009 2343 1108 2398; x_wconf 86' lang='lat' dir='ltr'>fuge</span> <span class='ocrx_word' id='word_1_222' title='bbox 1131 2343 1227 2384; x_wconf 89' lang='lat' dir='ltr'>litus</span> <span class='ocrx_word' id='word_1_223' title='bbox 1252 2348 1291 2384; x_wconf 87' lang='lat' dir='ltr'>et</span> <span class='ocrx_word' id='word_1_224' title='bbox 1314 2343 1457 2384; x_wconf 88' lang='lat' dir='ltr'>undas.</span> 
     </span>
     <span class='ocr_line' id='line_1_41' title="bbox 381 2403 1525 2458; baseline 0 -14"><span class='ocrx_word' id='word_1_225' title='bbox 381 2403 484 2445; x_wconf 83' lang='lat' dir='ltr'>haec</span> <span class='ocrx_word' id='word_1_226' title='bbox 505 2403 596 2446; x_wconf 88' lang='lat' dir='ltr'>loca</span> <span class='ocrx_word' id='word_1_227' title='bbox 618 2404 659 2445; x_wconf 89' lang='lat' dir='ltr'>vi</span> <span class='ocrx_word' id='word_1_228' title='bbox 682 2404 890 2458; x_wconf 88' lang='lat' dir='ltr'>quondam</span> <span class='ocrx_word' id='word_1_229' title='bbox 913 2409 954 2445; x_wconf 88' lang='lat' dir='ltr'>et</span> <span class='ocrx_word' id='word_1_230' title='bbox 975 2410 1093 2446; x_wconf 88' lang='lat' dir='ltr'>vasta</span> <span class='ocrx_word' id='word_1_231' title='bbox 1116 2404 1310 2446; x_wconf 85' lang='lat' dir='ltr'>convolsa</span> <span class='ocrx_word' id='word_1_232' title='bbox 1331 2404 1448 2445; x_wconf 88' lang='lat' dir='ltr'>ruina</span> <span class='ocrx_word' id='word_1_233' title='bbox 1471 2428 1525 2434; x_wconf 89' lang='lat'>—</span> 
     </span>
     <span class='ocr_line' id='line_1_42' title="bbox 383 2465 1495 2521; baseline -0.001 -16"><span class='ocrx_word' id='word_1_234' title='bbox 383 2470 542 2506; x_wconf 83' lang='lat' dir='ltr'>tantum</span> <span class='ocrx_word' id='word_1_235' title='bbox 566 2465 657 2506; x_wconf 86' lang='lat' dir='ltr'>aevi</span> <span class='ocrx_word' id='word_1_236' title='bbox 678 2465 904 2521; x_wconf 87' lang='lat' dir='ltr'>longinqua</span> <span class='ocrx_word' id='word_1_237' title='bbox 927 2465 1036 2506; x_wconf 87' lang='lat' dir='ltr'>valet</span> <span class='ocrx_word' id='word_1_238' title='bbox 1057 2470 1214 2507; x_wconf 87' lang='lat' dir='ltr'>mutare</span> <span class='ocrx_word' id='word_1_239' title='bbox 1237 2470 1495 2520; x_wconf 13' lang='lat' dir='ltr'>vetustas?—</span> 
     </span>
     <span class='ocr_line' id='line_1_43' title="bbox 383 2524 1447 2580; baseline -0.002 -14"><span class='ocrx_word' id='word_1_240' title='bbox 383 2525 609 2567; x_wconf 81' lang='lat' dir='ltr'>‹lissiluisse</span> <span class='ocrx_word' id='word_1_241' title='bbox 633 2525 786 2576; x_wconf 88' lang='lat' dir='ltr'>ferunt,</span> <span class='ocrx_word' id='word_1_242' title='bbox 813 2540 907 2567; x_wconf 86' lang='lat' dir='ltr'>cum</span> <span class='ocrx_word' id='word_1_243' title='bbox 928 2526 1112 2580; x_wconf 90' lang='lat' dir='ltr'>protinus</span> <span class='ocrx_word' id='word_1_244' title='bbox 1135 2532 1306 2579; x_wconf 87' lang='lat' dir='ltr'>utraque</span> <span class='ocrx_word' id='word_1_245' title='bbox 1328 2524 1447 2565; x_wconf 89' lang='lat' dir='ltr'>tellus</span> 
     </span>
     <span class='ocr_line' id='line_1_44' title="bbox 384 2585 1346 2641; baseline 0 -15"><span class='ocrx_word' id='word_1_246' title='bbox 384 2601 464 2628; x_wconf 88' lang='lat' dir='ltr'>una</span> <span class='ocrx_word' id='word_1_247' title='bbox 487 2586 610 2637; x_wconf 85' lang='lat' dir='ltr'>foret3</span> <span class='ocrx_word' id='word_1_248' title='bbox 633 2587 745 2628; x_wconf 87' lang='lat' dir='ltr'>venit</span> <span class='ocrx_word' id='word_1_249' title='bbox 768 2587 902 2628; x_wconf 88' lang='lat' dir='ltr'>medio</span> <span class='ocrx_word' id='word_1_250' title='bbox 925 2587 967 2628; x_wconf 90' lang='lat' dir='ltr'>vi</span> <span class='ocrx_word' id='word_1_251' title='bbox 990 2593 1139 2641; x_wconf 87' lang='lat' dir='ltr'>pontus</span> <span class='ocrx_word' id='word_1_252' title='bbox 1165 2592 1205 2627; x_wconf 89' lang='lat' dir='ltr'>et</span> <span class='ocrx_word' id='word_1_253' title='bbox 1227 2585 1346 2627; x_wconf 86' lang='lat' dir='ltr'>undis</span> 
     </span>
     <span class='ocr_line' id='line_1_45' title="bbox 383 2643 1552 2701; baseline -0.001 -14"><span class='ocrx_word' id='word_1_254' title='bbox 383 2646 632 2701; x_wconf 88' lang='lat' dir='ltr'>Hesperium</span> <span class='ocrx_word' id='word_1_255' title='bbox 658 2646 798 2690; x_wconf 87' lang='lat' dir='ltr'>Siculo</span> <span class='ocrx_word' id='word_1_256' title='bbox 821 2647 928 2689; x_wconf 87' lang='lat' dir='ltr'>latus</span> <span class='ocrx_word' id='word_1_257' title='bbox 953 2647 1142 2697; x_wconf 85' lang='lat' dir='ltr'>abscidit,</span> <span class='ocrx_word' id='word_1_258' title='bbox 1169 2660 1344 2699; x_wconf 85' lang='lat' dir='ltr'>arvaque</span> <span class='ocrx_word' id='word_1_259' title='bbox 1368 2650 1408 2687; x_wconf 87' lang='lat' dir='ltr'>et</span> <span class='ocrx_word' id='word_1_260' title='bbox 1430 2643 1552 2686; x_wconf 90' lang='lat' dir='ltr'>urbes</span> 
     </span>
     <span class='ocr_line' id='line_1_46' title="bbox 384 2707 1269 2763; baseline 0 -15"><span class='ocrx_word' id='word_1_261' title='bbox 384 2707 500 2749; x_wconf 87' lang='lat' dir='ltr'>litore</span> <span class='ocrx_word' id='word_1_262' title='bbox 524 2708 719 2750; x_wconf 85' lang='lat' dir='ltr'>deductas</span> <span class='ocrx_word' id='word_1_263' title='bbox 743 2714 918 2763; x_wconf 87' lang='lat' dir='ltr'>angusto</span> <span class='ocrx_word' id='word_1_264' title='bbox 941 2708 1120 2749; x_wconf 87' lang='lat' dir='ltr'>interluit</span> <span class='ocrx_word' id='word_1_265' title='bbox 1142 2712 1269 2749; x_wconf 88' lang='lat' dir='ltr'>aestu.</span> 
     </span>
    </p>
   </div>
   <div class='ocr_carea' id='block_1_13' title="bbox 1756 2357 1794 3048">
    <p class='ocr_par' dir='ltr' id='par_1_24' title="bbox 1756 2357 1794 3048">
     <span class='ocr_line' id='line_1_47' title="bbox 1756 2357 1794 3048; baseline 0 0"><span class='ocrx_word' id='word_1_266' title='bbox 1756 2357 1794 3048; x_wconf 95' lang='lat' dir='ltr'> </span> 
     </span>
    </p>
   </div>
  </div>
 </body>
</html>
