1748 3048
314 574 355 603 30

310 874 351 903 35

310 1173 352 1202 40

310 1474 353 1503 45

311 1774 353 1803 50

311 2074 352 2102 55

310 2375 351 2404 60

311 2673 352 2703 65

381 332 409 371 4
779 335 820 368 Ρ.
839 331 1068 368 VERGILII
1087 330 1310 367 MARONIS

380 439 585 480 candidior
607 441 822 490 postquam
846 432 1025 473 tondenti
1049 431 1176 472 barba
1199 431 1370 472 cadebat
1378 448 1388 480 ;

378 499 555 552 respexit
577 504 711 537 tamen
734 500 774 535 et
795 494 918 547 longo
941 497 1035 546 post
1057 498 1238 545 tempore
1261 492 1382 540 venit,

379 566 592 614 postquam
615 571 689 597 nos
713 554 935 608 Amaryllis
959 552 1099 602 habet,
1126 548 1302 594 Galatea*
1320 552 1494 606 reliquit.

377 633 568 671 namque,
593 616 752 657 fatebor
774 615 899 663 enim,
925 614 1023 654 dum
1045 628 1111 654 me
1136 612 1309 654 Galatea
1331 613 1505 662 tenebat,

376 693 451 719 nec
475 692 568 732 spes
591 676 785 717 libertatis
811 680 914 724 erat,
938 688 1015 715 nec
1038 688 1135 715 cura
1156 673 1302 728 peculi.

376 738 561 791 quamvis
585 737 712 777 multa
735 736 835 776 meis
860 735 988 776 exiret
1009 734 1175 775 victima
1199 734 1363 788 saeptis,

375 798 537 854 pinguis
562 804 602 838 et
623 797 805 852 ingratae
827 801 1077 850 premeretur
1099 809 1242 836 caseus
1266 794 1368 843 urbi,

375 874 457 899 non
479 872 657 911 unquam
680 857 816 912 gravis
842 870 933 897 aere
956 856 1123 897 domum
1145 855 1244 895 mihi
1267 856 1408 896 dextra
1431 855 1599 895 redibat.

375 919 436 960 M.
467 919 665 967 Mirabar,
690 918 789 971 quid
811 923 967 958 maesta
989 917 1106 965 deos,
1130 915 1349 970 Amarylli,
1374 930 1554 964 vocares,

377 980 441 1019 cui
464 980 638 1033 pendere
663 993 737 1018 sua
758 977 952 1032 patereris
976 977 1018 1017 in
1042 976 1183 1018 arbore
1206 991 1346 1030 poma3

378 1040 542 1093 Tityrus
566 1039 659 1079 hinc
682 1038 832 1079 aberat.
856 1038 970 1091 ipsae
994 1043 1051 1086 te,
1076 1036 1235 1091 Tityre,
1260 1037 1394 1090 pinus,

376 1100 455 1153 ipsi
478 1106 516 1139 te
541 1099 690 1148 fontes,
715 1099 805 1152 ipsa
827 1098 928 1139 haec
951 1097 1117 1139 arbusta
1138 1097 1351 1138 vocabant.

377 1160 425 1200 T.
458 1159 567 1212 Quid
590 1159 790 1200 facerem?
812 1173 943 1211 neque
968 1158 1131 1199 servitio
1154 1172 1219 1198 me
1243 1158 1352 1199 exire
1375 1157 1534 1205 licebat,

377 1235 452 1261 nec
477 1227 559 1260 tam
581 1220 804 1274 praesentis
829 1219 926 1260 alibi
949 1233 1194 1273 cognoscere
1218 1219 1347 1260 divos.

376 1281 442 1321 hic
464 1280 577 1321 illum
601 1281 684 1321 vidi
707 1280 913 1329 iuvenem,
938 1279 1161 1329 Meliboee,
1187 1285 1286 1333 quot
1309 1279 1425 1320 annis

376 1340 439 1381 bis
464 1355 582 1381 senos
607 1340 672 1381 cui
694 1346 832 1381 nostra
855 1341 940 1381 dies
965 1340 1106 1381 altaria
1129 1340 1299 1381 fumant.

375 1401 442 1440 hic
464 1401 563 1441 mihi
585 1415 825 1454 responsum
847 1401 1002 1455 primus
1027 1401 1138 1441 dedit
1160 1401 1227 1441 ille
1249 1400 1418 1455 petenti:
1436 1418 1441 1419 ⁷

379 1462 574 1515 „pascite,
598 1469 644 1501 ut
667 1468 777 1511 ante,
802 1462 946 1511 boves,
970 1462 1104 1516 pueri3
1130 1461 1352 1502 submittite
1376 1463 1553 1502 tauros.“

375 1521 435 1562 M.
466 1522 687 1562 Fortunate
712 1537 853 1572 senex,
879 1537 976 1577 ergo
999 1528 1067 1563 tua
1091 1537 1186 1563 rura
1209 1521 1447 1562 manebunt!

375 1589 415 1621 et
438 1582 511 1622 tibi
534 1597 683 1637 magna
707 1583 823 1632 satis3
848 1582 1033 1635 quamvis
1058 1582 1160 1637 lapis
1186 1582 1321 1623 omnia
1343 1582 1476 1622 nudus

373 1641 599 1695 limosoque
622 1643 739 1697 palus
765 1643 941 1684 obducat
962 1657 1116 1697 pascua
1137 1643 1276 1683 iunco:

374 1716 457 1742 non
479 1703 638 1744 insueta
661 1704 797 1758 gravis
821 1704 1077 1758 temptabunt
1098 1703 1249 1758 pabula
1271 1703 1389 1752 fetas,

375 1777 451 1802 nec
474 1763 580 1803 mala
603 1764 725 1804 vicini
747 1765 904 1818 pecoris
930 1764 1119 1819 contagia
1141 1764 1313 1805 laedent.

375 1822 577 1862 fortunate
602 1837 744 1872 senex,
769 1824 835 1864 hic
857 1825 961 1864 inter
983 1825 1151 1865 flumina
1172 1831 1270 1866 nota

377 1888 415 1921 et
440 1882 571 1923 fontes
597 1897 732 1923 saeros
758 1884 888 1937 frigus
913 1884 1094 1937 captabis
1120 1899 1304 1938 opacum.

375 1941 470 1982 hinc
494 1941 584 1991 tibi,
610 1957 714 1995 quae
739 1957 898 1997 semper
920 1944 1052 1985 vicino
1077 1944 1128 1985 ab
1151 1945 1278 1985 limite
1302 1958 1446 1999 saepes

377 2001 577 2056 Hyblaeis
602 2003 746 2057 apibus
770 2003 910 2044 florem
935 2004 1105 2058 depasta
1129 2004 1270 2054 salicti,

378 2075 499 2115 saepe
522 2062 602 2103 levi
626 2078 814 2104 somnum
837 2063 1023 2104 suadebit
1045 2064 1145 2105 inire
1170 2079 1335 2106 susurro
1342 2081 1354 2115 3

376 2121 470 2162 hinc
494 2123 574 2163 alta
599 2123 674 2164 sub
698 2138 798 2178 rupe
823 2130 940 2165 canet
962 2124 1172 2166 frondator
1195 2126 1247 2167 ad
1270 2140 1402 2166 auras.

376 2196 452 2222 nec
475 2188 609 2223 tamen
632 2184 784 2225 interea
805 2199 970 2234 raucae,
995 2190 1066 2226 tua
1089 2199 1202 2235 cura,
1227 2185 1452 2240 palumbes,

376 2256 451 2282 nec
474 2257 637 2297 gemere
661 2244 769 2285 aeria
792 2245 968 2286 cessabit
991 2250 1121 2286 turtur
1143 2246 1195 2287 ab
1217 2246 1342 2287 ulmo.

377 2302 426 2343 T.
456 2302 567 2344 Ante
589 2305 700 2346 leves
725 2321 822 2361 ergo
845 2313 1062 2361 pascentur
1084 2308 1127 2348 in
1150 2322 1324 2362 aequore
1348 2309 1468 2358 cervi,

376 2369 415 2403 et
438 2363 541 2405 freta
564 2365 783 2407 destituent
805 2368 937 2409 nudos
960 2368 1004 2408 in
1026 2369 1141 2409 litore
1163 2370 1302 2424 piscis,

375 2430 484 2472 ante,
509 2427 722 2479 pererratis
747 2427 958 2469 amborum
981 2428 1149 2478 finibus,
1175 2429 1292 2471 exsul

375 2490 443 2523 aut
467 2484 628 2526 Ararim
652 2487 829 2529 Parthus
854 2488 965 2530 bibet
987 2495 1058 2530 aut
1082 2488 1302 2531 Germania
1325 2490 1494 2544 Tigrim,

375 2557 495 2594 quam
518 2553 656 2588 nostro
679 2548 786 2589 illius
811 2549 970 2590 labatur
991 2556 1154 2604 pectore
1177 2550 1326 2591 voltus.

376 2601 435 2642 M.
466 2603 525 2644 At
546 2621 620 2647 nos
644 2607 737 2649 hinc
761 2609 829 2649 alii
853 2610 1022 2650 sitientis
1046 2610 1195 2652 ibimus
1219 2609 1359 2659 Afros,

375 2676 468 2715 pars
496 2663 704 2718 Scythiam
728 2674 768 2708 et
789 2670 974 2723 rapidum
998 2677 1130 2711 cretae
1153 2671 1361 2712 veniemus
1388 2669 1546 2720 Oaxen,

378 2727 415 2761 et
439 2724 600 2776 penitus
626 2732 710 2768 toto
732 2729 883 2770 divisos
908 2730 1006 2771 orbe
1028 2731 1258 2771 Britannos.
