1794 3048
421 259 498 300 166
816 266 856 298 Ρ.
876 263 1105 299 VERGILII
1123 263 1346 299 MARONIS

417 380 456 409 et
479 381 586 407 nunc
610 380 760 420 magna
781 364 862 404 mei
886 363 962 404 sub
987 369 1112 404 terras
1135 362 1210 404 ibit
1232 362 1381 418 imago.

329 441 393 472 655
416 427 558 468 urbem
581 425 829 480 praeclaram
854 424 975 465 statui
983 439 994 473 ;
1017 437 1110 464 mea
1131 423 1292 464 moenia
1313 424 1397 464 vidi
1405 440 1416 473 ;

414 488 500 528 ulta
522 488 654 527 virum
676 500 829 540 poenas
854 485 1016 525 inimico
1039 499 1064 525 a
1086 483 1210 525 fratre
1233 484 1386 538 recepi3

414 549 532 597 felix,
557 547 638 588 heu
660 546 830 588 nimium
854 546 971 594 felix,
998 545 1032 587 si
1054 545 1173 586 litora
1195 550 1352 586 tantum

414 622 637 661 numquam
659 606 892 647 Dardaniae
917 606 1145 661 tetigissent
1168 611 1305 647 nostra
1328 605 1537 647 carinael“

415 669 517 710 dixit
540 674 580 710 et
603 683 649 710 os
671 668 856 722 inpressa
880 674 967 709 toro
993 667 1236 718 „moriemur
1258 667 1422 716 inultae,

328 742 392 773 660
416 730 489 771 sed
510 730 727 771 moriamur
737 732 757 750 “
783 729 850 770 ait.
877 729 979 780 „sic,
1005 729 1064 769 sic
1086 728 1199 769 iuvat
1220 728 1277 768 ire
1303 727 1378 769 sub
1401 727 1578 769 umbras.

415 790 575 831 hauriat
596 791 705 831 hunc
730 789 857 831 oculis
879 790 1018 845 ignem
1042 789 1215 830 crudelis
1240 788 1291 829 ab
1316 788 1397 829 alto

414 850 634 892 Dardanus
660 856 699 891 et
723 864 861 891 secum
885 856 1046 891 nostrae
1070 849 1173 890 ferat
1196 849 1332 890 omina
1353 849 1532 889 mortis.“

416 911 590 960 dixerat,
616 917 736 964 atque
759 909 870 950 illam
893 910 1027 951 media
1049 910 1153 950 inter
1176 909 1271 950 talia
1293 908 1399 950 ferro

418 971 653 1025 conlapsam
677 969 878 1025 aspiciunt
902 970 1088 1019 comites,
1114 983 1334 1022 ensemque
1358 982 1498 1010 cruore

328 1045 390 1076 665
416 1037 670 1085 spumantem
694 1044 936 1084 sparsasque
960 1045 1117 1070 manus.
1142 1030 1174 1070 it
1196 1029 1347 1070 clamor
1370 1029 1422 1070 ad
1446 1029 1527 1070 alta

416 1091 535 1140 atria3
560 1104 801 1131 concussam
825 1089 1046 1131 bacchatur
1068 1090 1179 1130 fama
1201 1103 1275 1143 per
1297 1088 1451 1130 urbem.

416 1151 602 1192 lamentis
626 1151 861 1205 gemituque
885 1157 926 1192 et
948 1150 1125 1192 femineo
1148 1149 1305 1190 ululatu

415 1218 522 1252 tecta
544 1211 739 1261 fremunt3
764 1217 926 1252 resonat
949 1211 1109 1265 magnis
1133 1209 1398 1264 plangoribus
1424 1209 1575 1260 aether,

415 1287 496 1313 non
521 1272 652 1321 aliter,
678 1286 800 1325 quam
825 1272 859 1312 si
883 1272 1062 1312 inmissis
1087 1276 1178 1311 ruat
1199 1269 1384 1310 hostibus
1410 1270 1541 1310 omnis

330 1347 394 1376 670
417 1332 631 1387 Karthago
656 1338 725 1372 aut
749 1332 915 1384 antiqua
938 1331 1089 1385 Tyros,
1114 1330 1381 1383 flammaeque
1405 1329 1584 1370 furentes

417 1393 593 1434 culmina
615 1406 766 1446 perque
790 1391 999 1432 hominum
1023 1390 1238 1432 volvantur
1259 1404 1410 1444 perque
1435 1390 1613 1431 deorum.

417 1453 543 1494 audiit
567 1452 782 1501 exanimis,
807 1452 1044 1506 trepidoque
1069 1451 1258 1492 exterrita
1281 1464 1403 1491 cursu

416 1512 623 1568 unguibus
649 1527 719 1553 ora
744 1527 857 1553 soror
879 1512 1049 1553 foedans
1074 1518 1112 1553 et
1136 1517 1301 1566 pectora
1323 1511 1472 1565 pugnis

415 1588 488 1628 per
510 1573 666 1614 medios
690 1573 769 1613 ruit
791 1587 839 1614 ac
862 1573 1100 1614 morientem
1124 1572 1285 1613 nomine
1310 1571 1474 1612 clamat:

329 1648 391 1677 675
419 1634 521 1684 „hoc
544 1633 661 1682 illud,
685 1648 895 1688 germana,
921 1633 1022 1674 fuit?
1045 1647 1111 1673 me
1134 1632 1277 1673 fraude
1299 1631 1493 1686 petebas?

416 1695 494 1735 hoc
517 1708 641 1748 rogus
665 1694 741 1734 iste
765 1694 883 1744 mihi,
907 1694 984 1735 hoc
1007 1694 1123 1748 ignes
1148 1707 1321 1745 araeque
1343 1691 1565 1746 parabant?

418 1754 515 1808 quid
538 1754 714 1808 primum
738 1754 897 1796 deserta
920 1755 1089 1808 querar?
1112 1753 1352 1795 comitemne
1377 1767 1555 1794 sororem

418 1814 606 1868 sprevisti
629 1815 831 1856 moriens?
855 1816 998 1857 eadem
1021 1829 1086 1856 me
1112 1815 1164 1855 ad
1186 1814 1271 1855 fata
1295 1813 1505 1862 vocasses3

415 1875 525 1915 idem
549 1873 690 1924 ambas
714 1874 820 1916 ferro
844 1876 958 1917 dolor
980 1881 1101 1928 atque
1126 1875 1267 1916 eadem
1290 1874 1390 1914 hora
1413 1873 1584 1914 tulisset.

330 1948 393 1979 680
416 1934 480 1975 his
509 1934 627 1975 etiam
652 1935 780 1975 struxi
805 1936 1010 1984 manibus,
1035 1935 1268 1989 patriosque
1292 1933 1434 1975 vocavi

418 2008 518 2035 voce
543 1994 660 2043 deos,
687 1995 745 2035 sic
768 2001 808 2035 te
831 2001 876 2035 ut
898 1996 1050 2049 posita,
1076 1995 1269 2043 crudelis,
1295 1993 1507 2034 abessem?

418 2055 611 2095 exstinxti
634 2060 672 2096 te
697 2070 860 2108 meque,
888 2070 1017 2105 soror,
1042 2054 1317 2109 populumque
1340 2060 1557 2108 patresque

423 2114 612 2157 Sidonios
636 2114 858 2168 urbemque
882 2121 1005 2156 tuam.
1032 2116 1142 2164 date,
1168 2114 1333 2156 volnera
1356 2113 1533 2168 lymphis

417 2176 580 2219 abluam
604 2182 660 2225 et,
686 2182 890 2218 extremus
915 2177 950 2218 si
973 2177 1064 2230 quis
1090 2190 1212 2230 super
1233 2175 1382 2216 halitus
1408 2181 1525 2224 errat,

331 2251 394 2281 685
418 2252 486 2279 ore
509 2238 682 2293 legam.“
709 2238 768 2279 sic
791 2237 876 2279 sata
898 2239 1049 2293 gradus
1074 2242 1257 2278 evaserat
1281 2236 1396 2285 altos,

419 2298 773 2351 semianimemque
799 2299 891 2340 sinu
912 2312 1148 2353 germanam
1173 2297 1361 2351 amplexa
1383 2295 1547 2338 fovebat

418 2372 511 2398 cum
533 2358 689 2413 gemitu
712 2365 833 2412 atque
857 2364 964 2400 atros
990 2358 1167 2400 siccabat
1189 2363 1302 2399 veste
1327 2370 1502 2398 cruores.

417 2419 487 2459 illa
509 2418 644 2474 gravis
669 2419 808 2460 oculos
833 2426 976 2461 conata
999 2419 1181 2461 attollere
1203 2433 1343 2460 rursus

418 2478 571 2528 deficit;
595 2478 765 2519 infixum
790 2480 921 2521 stridit
945 2480 1020 2521 sub
1044 2485 1207 2534 pectore
1229 2479 1387 2520 volnus.

333 2552 396 2582 690
420 2545 481 2580 ter
505 2553 594 2580 sese
619 2540 806 2581 attollens
831 2540 1047 2594 cubitoque
1071 2539 1221 2581 adnixa
1242 2538 1402 2586 levavit,

418 2606 478 2639 ter
500 2600 683 2642 revoluta
705 2606 793 2642 toro
817 2607 896 2650 est,
922 2601 1130 2654 oculisque
1155 2598 1380 2641 errantibus
1406 2597 1487 2637 alto

419 2660 618 2712 quaesivit
642 2661 753 2702 caelo
776 2661 907 2702 lucem
931 2660 1206 2715 ingemuitque
1228 2663 1397 2712 reperta.
