1820 3080
329 411 371 442 30

329 713 369 743 35

326 1016 370 1046 40

326 1319 370 1349 45

326 1620 369 1651 50

326 1926 368 1956 55

327 2227 368 2258 60

327 2531 368 2561 65

395 287 477 330 276
794 295 836 329 Ρ.
854 292 1086 329 VERGILII
1103 290 1328 328 MARONIS

395 404 434 439 et
457 403 527 438 tua
548 395 763 450 progenies
787 393 973 435 mortalia
996 393 1183 434 demoror
1205 391 1335 433 armai

395 458 429 499 si
454 458 539 498 sine
561 470 663 510 pace
687 461 757 496 tua
780 460 901 507 atque
923 453 1050 495 invito
1072 453 1238 494 numine
1262 453 1391 494 Troes

392 517 553 558 Italiam
576 516 745 570 petiere,
769 515 884 556 luant
904 519 1090 569 peccata,
1115 528 1248 568 neque
1273 513 1364 555 illos

392 577 541 619 iuveris
566 575 734 616 auxilio:
761 575 824 616 sin
847 580 907 616 tot
928 589 1127 630 responsa
1150 574 1291 623 secuti,

393 651 495 691 quae
521 636 656 691 superi
680 650 902 689 manesque
927 636 1096 685 dabant,
1122 649 1194 676 cur
1216 648 1326 675 nunc
1349 640 1420 675 tua
1443 634 1656 688 quisquam

392 704 547 739 vertere
569 697 683 738 iussa
704 697 864 752 potest?
886 703 956 738 aut
979 711 1052 738 cur
1072 711 1180 737 nova
1203 695 1377 737 condere
1400 695 1511 737 fata?

392 759 490 813 quid
512 765 693 814 repetam
717 764 883 800 exustas
907 757 1087 813 Erycino
1110 757 1153 798 in
1175 757 1290 798 litore
1315 757 1494 798 classes?

392 821 490 874 quid
513 824 800 874 tempestatum
822 833 963 875 regem
985 824 1209 872 ventosque
1235 818 1414 859 furentes

391 880 540 922 Aeolia
563 880 743 922 excitos?
766 886 836 921 aut
860 885 993 921 actam
1015 879 1193 920 nubibus
1217 878 1342 919 Irim?

392 956 502 982 nunc
525 941 647 982 etiam
670 955 811 982 manes
835 965 890 971 —-
913 940 1014 981 haec
1038 940 1276 994 intemptata
1298 939 1488 981 manebat

394 1017 481 1044 sors
505 1016 640 1042 rerum
663 1026 718 1031 ——
741 1007 878 1042 movet
902 1006 942 1041 et
966 1001 1123 1055 superis
1147 1001 1317 1053 inmissa
1338 1009 1504 1055 repente

391 1062 572 1111 Allecto,
597 1062 752 1102 medias
778 1061 928 1102 Italum
950 1060 1148 1102 bacchata
1170 1075 1244 1116 per
1267 1061 1401 1102 urbes.

392 1123 449 1164 nil
474 1137 595 1177 super
617 1122 786 1176 imperio
811 1136 994 1172 moveor3
1020 1122 1291 1176 speravimus,
1317 1122 1397 1162 ista

393 1184 492 1225 dum
515 1183 678 1223 fortuna
700 1182 795 1232 fuit3
819 1182 1000 1231 vincant,
1026 1196 1128 1235 quos
1152 1182 1314 1223 vincere
1338 1183 1480 1223 mavis.

394 1245 429 1286 si
451 1244 564 1284 nulla
587 1249 649 1284 est
670 1243 801 1298 regio,
828 1242 998 1284 Teucris
1023 1257 1147 1295 quam
1170 1243 1239 1283 det
1262 1248 1332 1283 tua
1356 1243 1532 1283 coniunx

394 1305 513 1353 dura,
536 1318 611 1359 per
634 1317 818 1352 eversae,
844 1303 1021 1358 genitor,
1046 1303 1247 1343 fumantia
1270 1303 1417 1344 Troiae

394 1365 552 1406 excidia
575 1363 773 1405 obtestor:
797 1363 918 1405 liceat
941 1363 1142 1404 dimittere
1166 1363 1218 1404 ab
1243 1363 1364 1404 armis

392 1425 637 1467 incolumem
660 1424 907 1474 Ascanium,
931 1424 1052 1465 liceat
1075 1438 1289 1479 superesse
1313 1431 1515 1480 nepotem.

392 1486 558 1527 Aeneas
584 1499 681 1526 sane
703 1485 854 1540 ignotis
878 1485 1050 1526 iactetur
1071 1485 1114 1526 in
1137 1485 1270 1535 undis,

393 1553 451 1596 et,
476 1560 776 1601 quamcumque
799 1547 909 1587 viam
933 1546 1090 1587 dederit
1112 1546 1294 1596 fortuna,
1320 1552 1530 1600 sequatur:

391 1608 500 1649 hunc
524 1614 662 1663 tegere
686 1613 726 1649 et
749 1607 859 1648 dirae
883 1607 1042 1649 valeam
1067 1607 1293 1650 subducere
1315 1623 1491 1663 pugnae.

393 1675 456 1711 est
478 1668 703 1719 Amathus,
729 1675 791 1711 est
815 1669 925 1711 celsa
947 1668 1117 1724 Paphus
1141 1675 1263 1724 atque
1287 1669 1369 1711 alta
1393 1669 1586 1725 Cythera,

392 1730 627 1784 Idaliaeque
651 1731 815 1772 domus:
839 1731 982 1785 positis
1006 1730 1202 1785 inglorius
1228 1731 1349 1772 armis

393 1791 532 1846 exigat
553 1791 620 1832 hic
644 1806 803 1832 aevum.
827 1806 978 1846 magna
1001 1791 1159 1833 dicione
1182 1791 1321 1833 iubeto

392 1851 608 1906 Karthago
631 1858 790 1906 premat
811 1850 1060 1893 Ausoniam:
1084 1852 1185 1892 nihil
1207 1852 1377 1894 urbibus
1401 1852 1495 1894 inde

393 1911 571 1953 obstabit
594 1911 743 1967 Tyriis.
768 1912 867 1966 quid
888 1918 1047 1966 pestem
1071 1912 1243 1954 evadere
1265 1913 1363 1954 belli

391 1972 493 2013 iuvit
516 1977 556 2013 et
577 1971 797 2027 Argolicos
820 1973 1000 2014 medium
1024 1972 1182 2028 fugisse
1205 1987 1279 2027 per
1299 1973 1431 2028 ignes,

392 2037 532 2086 totque
555 2033 679 2074 maris
703 2037 926 2086 vastaeque
951 2033 1150 2074 exhausta
1171 2033 1354 2087 pericula
1376 2039 1518 2083 terrae,

391 2093 491 2134 dum
513 2093 683 2134 Latium
707 2093 855 2135 Teucri
878 2094 1137 2147 recidivaque
1159 2093 1364 2149 Pergama
1387 2095 1610 2148 quaerunt?

391 2168 475 2195 non
498 2154 643 2204 satius,
669 2154 825 2196 cineres
849 2155 1004 2209 patriae
1026 2155 1227 2196 insedisse
1252 2170 1464 2210 supremos

392 2220 513 2268 atque
538 2214 687 2265 solum,
713 2229 794 2269 quo
818 2215 944 2256 Troia
967 2214 1070 2256 fuit?
1091 2214 1310 2256 Xanthum
1334 2222 1374 2257 et
1399 2215 1610 2258 Simoenta

391 2275 534 2325 redde,
559 2289 648 2325 oro,
673 2275 851 2325 miseris,
876 2277 1101 2330 iterumque
1123 2276 1332 2318 revolvere
1356 2291 1476 2319 casus

392 2336 462 2385 da,
486 2341 620 2390 pater,
644 2336 792 2378 Iliacos
818 2336 1028 2379 Teucris.“
1053 2342 1141 2378 tum
1163 2338 1277 2393 regia
1299 2338 1405 2380 Iuno

392 2402 483 2437 acta
505 2396 642 2438 furore
665 2397 799 2452 gravi:
826 2398 951 2451 „quid
973 2412 1039 2439 me
1063 2398 1145 2439 alta
1168 2399 1328 2440 silentia
1350 2398 1464 2454 cogis

391 2471 579 2512 rumpere
603 2463 643 2499 et
666 2458 888 2500 obductum
910 2458 1047 2501 verbis
1071 2459 1237 2514 volgare
1261 2459 1466 2501 dolorem?

392 2517 566 2559 Aenean
587 2517 799 2560 hominum
821 2520 1039 2573 quisquam
1062 2520 1279 2574 divomque
1303 2519 1466 2575 subegit

393 2577 500 2619 bella
525 2580 640 2632 sequi
663 2585 734 2621 aut
755 2580 917 2622 hostem
939 2581 1027 2636 regi
1052 2595 1096 2623 se
1119 2580 1269 2622 inferre
1291 2580 1469 2622 Latino?

393 2637 554 2679 Italiam
576 2640 692 2693 petiit
715 2640 810 2682 fatis
835 2641 1087 2691 auctoribus,
1113 2647 1213 2690 esto,

394 2697 651 2742 Cassandrae
675 2700 860 2755 inpulsus
884 2701 1019 2744 furiis:
1043 2716 1142 2743 num
1164 2702 1345 2757 linquere
1368 2707 1501 2743 castra
