1794 3042
409 311 464 352 84
810 318 852 352 P.
872 316 1103 353 VERGILII
1121 314 1345 353 MARONIS

409 427 451 462 at
474 421 621 462 chorus
646 418 827 472 aequalis
850 417 1069 473 Dryadum
1093 417 1268 459 clamore
1293 433 1503 473 supremos

321 497 386 527 460
408 482 612 536 inplerunt
635 485 806 521 montes.
832 479 979 520 flerunt
1002 478 1266 534 Rhodopeiae
1291 494 1404 522 arces

409 543 571 595 altaque
594 541 791 596 Pangaea
815 546 855 582 et
878 540 1009 582 Rhesi
1030 539 1238 582 Mavortia
1261 540 1381 582 tellus

409 611 530 656 atque
556 601 687 643 Getae
711 608 832 655 atque
856 601 1025 643 Hebrus
1050 608 1091 643 et
1113 601 1258 643 Actias
1285 601 1487 657 Orithyia.

407 664 497 718 ipse
526 678 628 705 cava
652 663 788 705 solans
813 678 982 720 aegrum
1006 663 1210 705 testudine
1233 678 1412 705 amorem

409 732 467 775 te,
494 724 625 767 dulcis
650 725 846 775 coniunx,
871 731 912 766 te
938 725 1024 766 solo
1048 724 1090 765 in
1113 724 1231 766 litore
1257 739 1409 774 secum,

320 802 384 831 465
409 792 450 827 te
473 786 661 827 veniente
686 786 769 836 die,
795 792 835 828 te
859 786 1081 827 decedente
1106 785 1289 827 canebat.

409 847 632 888 Taenarias
657 847 780 889 etiam
803 847 962 897 fauces,
988 847 1070 888 alta
1093 847 1198 888 ostia
1219 846 1346 896 Ditis,

410 914 450 949 et
474 908 719 964 caligantem
742 908 860 964 nigra
883 908 1100 950 formidine
1123 908 1263 949 lucum

409 970 640 1026 ingressus,
665 985 889 1025 manesque
914 971 1014 1012 adiit
1036 984 1258 1026 regemque
1282 969 1551 1018 tremendum,

410 1031 628 1085 nesciaque
652 1031 842 1074 humanis
866 1032 1057 1087 precibus
1081 1045 1369 1073 mansuescere
1394 1032 1529 1072 corda.

322 1106 386 1136 470
410 1099 452 1134 at
476 1099 598 1134 cantu
622 1099 848 1134 commotae
871 1093 1001 1135 Erebi
1024 1093 1075 1134 de
1099 1092 1266 1134 sedibus
1290 1092 1383 1133 imis

409 1153 579 1195 umbrae
602 1153 717 1195 ibant
740 1159 883 1195 tenues
908 1153 1206 1207 simulacraque
1229 1153 1320 1194 luce
1346 1158 1568 1201 carentum,

410 1229 535 1268 quam
558 1214 688 1256 multa
708 1214 752 1255 in
775 1214 885 1256 foliis
910 1215 1048 1256 avium
1073 1229 1117 1256 se
1141 1214 1253 1255 milia
1276 1214 1468 1262 condunt,

410 1290 557 1330 vesper
579 1275 651 1316 ubi
675 1281 744 1316 aut
766 1275 961 1317 bibemus
985 1276 1071 1331 agit
1094 1276 1145 1316 de
1169 1274 1375 1316 montibus
1399 1274 1541 1322 imber,

410 1344 560 1379 matres
585 1343 706 1391 atque
730 1337 824 1387 viri,
850 1337 1124 1390 defunctaque
1148 1351 1319 1391 corpora
1342 1336 1426 1377 vita

324 1412 387 1442 475
411 1399 718 1454 magnanimum
741 1398 929 1448 heroum,
953 1397 1070 1452 pueri
1093 1397 1369 1452 innuptaeque
1392 1396 1564 1451 puellae,

410 1459 660 1514 inpositique
682 1459 796 1514 rogis
819 1459 990 1501 iuvenes
1014 1464 1108 1500 ante
1132 1473 1203 1500 ora
1225 1464 1453 1514 parentum,

412 1536 516 1574 quos
541 1520 694 1562 circum
716 1520 839 1562 limus
863 1521 980 1576 niger
1003 1527 1044 1562 et
1067 1520 1262 1562 deformis
1287 1519 1443 1561 arundo

413 1582 561 1637 Cocyti
584 1582 781 1636 tardaque
803 1582 922 1637 palus
946 1581 1176 1623 inamabilis
1199 1581 1311 1622 unda

411 1644 552 1699 alligat
575 1650 616 1685 et
638 1643 810 1686 noviens
836 1642 943 1699 Styx
965 1643 1165 1685 interfusa
1187 1648 1359 1684 coercet.

323 1717 388 1749 480
412 1704 513 1759 quin
535 1706 650 1761 ipsae
675 1711 867 1760 stupuere
891 1705 1038 1747 domus
1063 1710 1185 1758 atque
1209 1704 1351 1745 intima
1379 1703 1450 1745 leti

411 1767 585 1808 Tartara
608 1767 898 1820 caeruleosque
921 1766 1109 1821 inplexae
1134 1765 1312 1807 crinibus
1339 1779 1493 1820 angues

410 1828 684 1877 Eumenides,
710 1828 920 1881 tenuitque
944 1828 1104 1869 inhians
1130 1827 1206 1869 tria
1231 1826 1436 1869 Cerberus
1461 1841 1544 1874 ora,

412 1894 534 1942 atque
557 1888 707 1930 Ixionii
729 1894 852 1930 vento
874 1894 964 1930 rota
987 1888 1167 1930 constitit
1190 1887 1313 1929 orbis.

413 1951 576 2003 iamque
598 1949 747 2004 pedem
770 1949 951 1991 referens
977 1963 1097 1991 casus
1123 1954 1309 1990 evaserat
1332 1948 1476 1997 omnis,

325 2023 390 2054 485
413 2010 653 2064 redditaque
676 2010 886 2065 Eurydice
911 2025 1080 2065 superas
1103 2009 1294 2051 veniebat
1317 2009 1371 2050 ad
1393 2024 1526 2058 auras,

411 2086 518 2127 pone
543 2085 738 2125 sequens3
762 2085 939 2125 namque
962 2071 1069 2113 hanc
1092 2071 1260 2112 dederat
1281 2069 1530 2124 Proserpina
1553 2068 1706 2124 legem·,

413 2147 508 2174 cum
532 2132 667 2175 subita
690 2132 899 2174 incautum
923 2132 1129 2174 dementia
1152 2132 1260 2187 cepit
1283 2136 1499 2180 amantem,

411 2194 663 2249 ignoscenda
685 2194 870 2248 quidem,
896 2194 1046 2236 scirent
1069 2194 1104 2235 si
1127 2193 1341 2249 ignoscere
1364 2206 1519 2233 manes.

411 2254 559 2297 restitit
582 2255 901 2310 Eurydicenque
925 2270 1043 2297 suam
1066 2254 1148 2296 iam
1170 2254 1263 2295 luce
1288 2252 1364 2295 sub
1389 2253 1480 2308 ipsa

324 2328 389 2360 490
411 2317 629 2366 inmemor,
654 2316 753 2358 heu!
779 2317 994 2371 victusque
1018 2316 1144 2358 animi
1166 2315 1358 2371 respexit.
1383 2314 1441 2356 ibi
1464 2313 1595 2355 omnis

414 2377 570 2419 effusus
593 2377 711 2419 labor
734 2383 856 2432 atque
879 2378 1033 2420 inmitis
1057 2383 1178 2432 rupta
1201 2376 1362 2431 tyranni

413 2439 598 2489 foedera,
622 2445 763 2493 terque
787 2439 927 2495 fragor
950 2438 1106 2495 stagnis
1131 2438 1295 2480 auditus
1317 2436 1512 2478 Avernis.

412 2500 483 2542 illa
508 2500 626 2554 „quis
651 2506 692 2542 et
714 2514 799 2550 me,
824 2500 975 2554 inquit,
999 2500 1192 2541 miseram
1215 2504 1257 2540 et
1279 2505 1319 2540 te
1341 2495 1535 2552 perdidit,
1562 2493 1758 2549 Orpheu?

414 2562 506 2614 quis
531 2567 667 2603 tantus
691 2561 830 2603 furor?
852 2575 904 2602 en
926 2561 1074 2602 iterum
1097 2559 1278 2602 crudelia
1298 2565 1406 2600 retro

324 2634 390 2665 495
414 2622 499 2663 fata
521 2628 687 2672 vocant,
713 2622 930 2676 conditque
953 2621 1135 2663 natantia
1157 2620 1311 2662 lumina
1334 2632 1515 2660 somnus.

412 2683 576 2735 iamque
599 2683 702 2724 vale.
727 2682 836 2724 feror
857 2682 1014 2738 ingenti
1036 2681 1285 2724 circumdata
1306 2686 1437 2728 nocte,

413 2743 696 2797 invalidasque
719 2743 794 2785 tibi
817 2744 1006 2793 tendens,
1031 2743 1112 2784 heu
1135 2757 1218 2783 non
1241 2748 1328 2791 tua,
1354 2738 1563 2795 palmas!“
