1800 3106
569 257 829 297 AENEIDOS
854 258 952 293 LIB.
965 258 1091 295 VIHI.

146 375 188 411 at
213 366 390 417 Caesar,
415 364 566 421 triplici
589 365 778 407 invectus
802 363 995 406 Romana
1018 362 1226 419 triumpho

144 429 327 480 moenia,
353 427 418 470 dis
442 427 560 469 Italis
586 433 731 469 votum
754 425 972 468 inmortale
997 424 1201 467 sacrabat.

143 492 327 534 maxima
351 496 413 532 ter
436 495 603 532 centum
627 495 757 531 totam
782 487 955 530 delubra
977 502 1053 544 per
1074 487 1222 530 urbem

143 553 300 597 laetitia
322 552 514 607 ludisque
538 552 631 594 viae
653 551 888 607 plausuque
912 549 1145 592 fremebant
1152 567 1164 602 ;

145 616 338 659 omnibus
362 616 407 657 in
431 615 596 671 templis
620 620 800 656 matrum
825 614 990 664 chorus,
1017 613 1210 656 omnibus
1236 628 1352 665 arae3

146 686 242 721 ante
267 694 360 721 aras
385 684 536 720 terram
561 677 673 720 caesi
698 683 881 720 stravere
904 677 1082 718 iuvenci.

145 742 236 797 ipse
262 741 412 783 sedens
436 740 559 782 niveo
583 739 799 781 candentis
823 738 966 780 limine
989 737 1154 780 Phoebi

146 805 256 846 dona
279 801 541 858 recognoscit
562 801 812 857 populorum
836 806 1034 856 aptatque
1059 801 1250 856 superbis

144 864 356 921 postibus3
381 863 579 905 incedunt
601 864 736 905 victae
759 862 886 919 longo
911 863 1054 905 ordine
1077 869 1238 920 gentes,

145 942 272 982 quam
295 926 434 968 variae
458 925 632 982 linguis,
658 925 805 968 habitu
828 931 914 967 tam
938 926 1067 968 vestis
1093 932 1135 968 et
1159 927 1299 978 armis.

145 989 214 1031 hic
236 987 475 1031 Nomadum
499 1003 632 1044 genus
658 994 700 1030 et
723 987 948 1030 discinctos
973 987 1184 1030 Mulciber
1206 987 1352 1039 Afros,

146 1051 214 1092 hie
236 1050 422 1107 Lelegas
448 1049 664 1104 Carasque
689 1049 1027 1106 sagittiferosque
1053 1048 1239 1093 Gelonos

145 1113 340 1164 finxerat3
364 1112 603 1169 Euphrates
628 1111 716 1154 ibat
738 1112 822 1153 iam
845 1112 1010 1154 mollior
1032 1112 1176 1163 undis3

147 1175 403 1229 extremique
427 1175 644 1216 hominum
666 1174 825 1216 Morini
847 1175 1107 1230 Rhenusque
1132 1175 1326 1227 bicornis,

147 1237 418 1291 indomitique
441 1237 592 1279 Dahae
617 1243 658 1278 et
680 1243 852 1292 pontem
875 1237 1116 1294 indignatus
1141 1237 1322 1280 Araxes.

149 1299 248 1341 talia
269 1313 345 1355 per
369 1299 548 1354 clipeum
571 1299 768 1350 Volcani,
794 1300 904 1341 dona
925 1301 1123 1355 parentis,

148 1361 338 1412 miratur,
363 1375 582 1416 rerumque
606 1361 776 1417 ignarus
800 1361 983 1418 imagine
1007 1363 1176 1418 gaudet,

150 1423 340 1466 attollens
364 1423 538 1466 humero
562 1423 801 1479 famamque
826 1430 867 1466 et
890 1424 977 1466 fata
999 1431 1211 1481 nepotum.

562 1715 1105 1768 AENEIDOS

625 1870 864 1909 LIBER
905 1871 1045 1910 VIIII.

205 1981 348 2038 Atque
372 1998 422 2026 ea
445 1984 611 2027 diversa
633 1986 798 2041 penitus
823 1987 923 2028 dum
946 1992 1064 2043 parte
1088 1994 1300 2044 geruntur,

147 2043 249 2087 Irim
274 2046 324 2087 de
349 2046 464 2088 caelo
488 2047 601 2089 misit
626 2046 824 2091 Saturnia
846 2049 954 2091 Iuno

147 2107 348 2150 audacem
373 2108 427 2150 ad
451 2108 654 2152 Turnum.
678 2110 774 2153 luco
799 2117 888 2153 tum
912 2112 1018 2154 forte
1047 2113 1234 2168 parentis

146 2168 332 2211 Pilumni
357 2169 525 2212 Turnus
551 2178 713 2214 sacrata
735 2172 854 2214 valles
870 2173 1055 2215 sedebat.

148 2230 203 2272 ad
226 2245 351 2285 quem
375 2231 436 2273 sio
458 2247 579 2274 roseo
604 2232 906 2276 Thaumantias
932 2249 1003 2277 ore
1026 2235 1167 2277 locuta
1191 2242 1272 2276 est:

151 2291 319 2343 „Turne
326 2323 338 2342 ,
364 2293 477 2347 quod
501 2294 661 2348 optanti
685 2295 826 2336 divom
848 2297 1086 2351 promittere
1110 2311 1234 2339 nemo

149 2354 338 2405 auderet,
363 2354 570 2396 volvenda
593 2355 704 2406 dies,
731 2371 802 2406 en,
828 2357 965 2398 attulit
987 2358 1108 2399 ultro.

148 2414 318 2458 Aeneas
342 2415 446 2458 urbe
470 2422 512 2458 et
536 2417 660 2459 sociis
685 2423 727 2459 et
751 2417 886 2460 classe
909 2418 1053 2460 relicta

150 2485 313 2535 sceptra
335 2477 517 2520 Palatini
541 2479 766 2534 sedemque
790 2480 894 2535 petit
915 2480 1118 2523 Euandri.

148 2555 226 2583 nec
251 2541 370 2583 satis:
396 2547 602 2583 extremas
629 2540 804 2597 Corythi
826 2544 1058 2598 penetravit
1082 2544 1135 2586 ad
1160 2544 1298 2595 urbes,

148 2603 450 2658 Lydorumque
473 2618 663 2654 manum,
689 2603 883 2647 collectos
907 2612 1040 2647 armat
1064 2607 1253 2663 agrestis.

1430 249 1516 292 253

1544 441 1609 471 715

1546 753 1612 786 720

1548 1067 1611 1097 725

1549 1381 1614 1412 730

1546 2559 1584 2588 10

149 2665 250 2719 quid
273 2664 467 2708 dubitas?
489 2680 599 2708 nunc
622 2672 787 2722 tempus
811 2681 960 2722 equos,
986 2683 1096 2710 nunc
1119 2684 1291 2725 poscere
1316 2684 1472 2712 currus.

151 2741 294 2783 rumpe
318 2743 456 2770 moras
482 2729 616 2771 omnis
642 2735 683 2771 et
707 2728 872 2772 turbata
895 2730 1028 2786 arripe
1053 2735 1229 2774 castra.“
