1734 3074
564 317 568 323 '
617 316 830 358 rnAnrA'no
1288 325 1406 356 vnn

49 432 186 480 phnide
205 430 345 466 rustico
365 428 609 464 adulescente
627 426 915 473 intelligendum
934 435 1018 462 esse
1039 424 1262 460 dictatorem
1273 423 1410 472 lulium

48 484 246 521 Caesarem
270 480 544 528 quinquaginta
575 479 742 524 quinque
772 488 891 513 annos
915 480 1062 522 natum,
1095 487 1206 522 quam
1235 475 1411 522 equidem

48 533 322 571 subabsurdam
340 531 431 567 mihi
450 529 568 565 videri
589 529 747 565 candide
765 528 908 574 fateor,
934 527 1116 574 originem
1132 526 1292 562 traxisse
1309 526 1411 562 vide·

47 590 107 623 tur
119 597 165 621 ex
176 585 274 620 male
295 582 497 618 intellectis
517 581 586 616 ecl.
599 580 724 616 VIIII.
737 591 795 614 vv.
808 579 853 614 47
868 590 924 625 sq.
971 577 1215 614 Tutissimum
1234 577 1348 624 igitur
1359 577 1411 612 vi-

48 637 197 673 debitur
221 634 390 671 Servium
404 632 511 679 sequi
524 632 578 667 sic
599 631 851 676 disputantem
869 630 919 666 ad
937 630 1006 665 ecl.
1026 629 1096 675 111,
1110 629 1183 665 20.:
1207 629 1413 674 refutandae

47 694 126 722 sum
145 686 335 732 alleqoriae
353 685 389 719 in
408 684 560 718 bucolico
574 683 741 724 carmine,
763 682 834 715 nisi
843 692 919 715 cum
932 692 974 715 ex
987 681 1107 726 aliqua
1120 691 1287 725 aqrorum
1294 682 1413 725 perdi-

0 743 1 765 ἱ
49 745 161 773 torum
179 737 374 772 necessitate
390 735 606 770 descendunt.
656 732 699 766 ld
719 732 821 777 quod
841 731 944 766 cadit
955 731 999 766 -in
1018 731 1172 777 eclogas
1190 731 1220 766 1.
1239 735 1278 766 et
1287 731 1414 767 VIIII.

49 788 160 831 Quod
172 791 256 823 utut
268 790 342 831 est,
357 795 582 833 quamquam
594 783 785 829 Vergilius
804 793 852 818 ne
866 786 984 818 artem
1004 783 1154 828 quidem
1168 783 1363 819 Theocriti
1375 783 1415 818 in

20 874 23 875 γ
49 838 218 874 versibus
237 835 457 871 incidendis·
466 834 631 869 imitatus
652 838 710 868 est
722 837 761 868 et
780 833 873 868 satis
886 833 1005 868 multa
1022 833 1149 868 aliena
1163 837 1202 868 et
1219 833 1363 869 tumida
1376 837 1415 869 et

49 888 226 935 languide
245 887 347 922 dicta
365 885 483 920 videri
501 888 678 930 possunt,
705 884 887 918 nonnulla
900 887 1025 918 autem
1046 888 1224 929 corrupta
1235 884 1414 919 habenda

50 944 152 975 sunt:
176 943 301 974 tamen
314 948 361 974 ea
379 940 438 973 est
448 946 685 971 numerorum
704 934 921 970 volubilitas
935 938 973 970 et
991 934 1197 980 elegantia,
1223 935 1314 970 felix
1325 936 1414 970 ima-

49 991 176 1039 ginum
188 990 356 1033 ubertas,
372 987 553 1024 sermonis
568 986 793 1033 quottidiani
806 986 966 1032 pulchra
977 985 1150 1031 imitatio,
1163 986 1362 1032 regionum
1376 990 1415 1021 et

50 1041 239 1077 hominum
251 1039 378 1075 brevis
391 1038 612 1084 plerumque
625 1040 664 1072 et
676 1040 855 1072 accurata
873 1036 1076 1082 descriptio
1086 1063 1095 1080 ,
1122 1047 1298 1071 sensuum
1311 1040 1414 1072 tene-

49 1093 140 1128 ritas
165 1095 204 1127 et
227 1090 465 1136 simplicitas,
497 1099 619 1124 rerum
643 1087 824 1133 varietas,
855 1090 899 1122 ut
920 1099 999 1122 non
1029 1087 1149 1122 solum
1173 1088 1414 1134 incorruptae

49 1142 182 1179 mentis
207 1140 531 1185 adulescentibus,
557 1139 626 1175 sed
650 1139 763 1174 etiam
787 1138 924 1174 sinceri
943 1142 987 1174 et‘
1006 1138 1153 1174 subacti
1176 1139 1306 1174 iudicii
1324 1139 1414 1174 viris

50 1194 214 1230 carmina
236 1193 332 1228 haec
356 1190 535 1227 iuvenilia
557 1201 635 1225 non
658 1190 758 1226 hanc
781 1201 892 1225 unam
915 1193 1071 1236 propter
1090 1201 1261 1225 caussam
1278 1193 1318 1225 et
1334 1190 1414 1236 pla-

50 1245 194 1281 cuerint
211 1247 251 1280 et
266 1243 452 1290 placitura
465 1241 555 1286 sint,
581 1241 683 1288 quod
700 1242 810 1287 plura
823 1241 860 1276 in
873 1241 918 1276 iis
938 1241 1084 1277 niteant
1098 1253 1209 1287 quam
1224 1241 1414 1277 sordeant.

50 1295 222 1332 Ceterum
240 1295 279 1330 in
297 1295 356 1330 his
378 1293 606 1330 carminibus
625 1297 806 1339 quantum
826 1292 916 1328 licet
940 1292 1136 1328 codicibus
1155 1293 1414 1339 obtemperan-

52 1346 156 1391 dum,
182 1346 250 1381 abs
270 1345 406 1392 quibus
426 1344 459 1379 si
478 1343 715 1389 discesseris,
743 1343 868 1378 omnia
887 1344 983 1379 adeo
1001 1343 1164 1389 incerta,
1189 1348 1232 1379 ut
1249 1355 1296 1379 ne
1310 1344 1414 1390 inge-

49 1396 283 1432 niosissimae
303 1395 453 1442 quidem
471 1395 727 1439 coniecturae,
754 1394 875 1440 qualis
890 1399 949 1430 est
963 1394 1008 1431 G.
1022 1394 1229 1430 Hermanni
1243 1395 1292 1430 ad
1304 1395 1413 1430 Bion.

49 1460 86 1494 p.
97 1447 143 1482 46
157 1459 212 1494 sq.
226 1447 430 1493 quidquam
443 1446 683 1482 tribuendum
701 1445 882 1481 videatur.
931 1446 1027 1482 Nam
1040 1457 1136 1492 quae
1150 1446 1212 1481 hic
1230 1446 1328 1482 inter
1340 1445 1416 1481 alia

51 1498 211 1534 delenda
224 1500 353 1533 censet
366 1497 435 1533 ecl.
447 1496 552 1541 vm,
572 1496 628 1541 49,
644 1497 792 1531 crudelis
804 1504 913 1531 mater
925 1498 1052 1542 maqis,
1077 1507 1124 1532 ea
1136 1508 1270 1532 vereor
1282 1508 1329 1532 ne
1344 1497 1414 1532 Cu-

50 1549 133 1585 licis
146 1552 277 1584 auctor
289 1551 439 1583 tueatur
451 1559 484 1582 ν.
497 1547 583 1582 2903
607 1549 666 1582 sed
679 1553 714 1582 tu
727 1549 874 1582 crudelis
883 1574 891 1590 ‚
911 1549 1060 1583 crudelis
1074 1555 1109 1582 tu
1121 1549 1247 1594 rizayis,
1263 1549 1412 1594 orphen.

118 1601 149 1644 ξ.
162 1599 196 1634 4.
219 1599 320 1635 Pace
333 1600 509 1634 restituta
523 1609 636 1644 quum
649 1598 841 1644 Vergilius
854 1599 1011 1634 Romam
1024 1598 1220 1644 profectus
1232 1599 1416 1634 Bucolica

51 1661 124 1685 uno
143 1649 330 1685 volumine
348 1649 478 1684 iuncta
497 1649 693 1694 edidisset,
718 1649 949 1693 Maecenati,
975 1661 1086 1695 quem
1099 1650 1174 1685 iam
1193 1654 1306 1685 antea
1317 1660 1415 1695 pene

50 1701 180 1746 ignoto
196 1699 415 1735 subvenisse
428 1700 671 1744 narravimus,
684 1710 772 1734 mox
784 1700 838 1735 ita
850 1700 1045 1735 familiaris
1059 1700 1182 1735 factus
1197 1704 1266 1744 est,
1279 1704 1322 1734 ut
1329 1711 1415 1735 vere

51 1751 169 1786 a.716.
183 1761 259 1785 una
274 1761 356 1785 eum
367 1750 483 1786 Vario
491 1749 690 1785 Horatium
703 1750 738 1785 ei
752 1752 1011 1786 commendare
1026 1762 1138 1785 ausus
1153 1750 1211 1785 sit.
1236 1751 1312 1787 Ubi
1325 1761 1414 1785 vero

51 1800 282 1836 Maecenatis
308 1811 422 1835 suasu
442 1799 631 1846 Georgica
655 1811 880 1846 componere
899 1801 1076 1845 instituit,
1102 1801 1302 1846 Neapolim
1321 1804 1359 1836 et
1376 1801 1414 1836 in

51 1851 380 1897 agrumNolanum,
388 1850 454 1886 ubi
460 1850 616 1896 praedia
622 1850 799 1886 habuisse
809 1851 966 1896 videtur,
976 1851 1134 1886 secessit
1140 1862 1259 1897 eaque
1268 1856 1414 1896 septen-

50 1901 114 1936 nio
129 1900 291 1936 confecit
303 1901 389 1936 inde
404 1900 452 1936 ab
466 1912 499 1936 a.
507 1901 583 1936 717.
596 1912 716 1947 usque
725 1902 772 1936 ad
787 1913 819 1936 a.
828 1901 906 1936 724.
913 1901 973 1936 vel
986 1902 1063 1936 725.
1076 1901 1277 1937 Versatum
1290 1906 1414 1938 autem

51 1962 133 1987 esse
154 1962 237 1986 eum
256 1951 328 1986 hoc
347 1955 514 1996 tempore
539 1950 652 1986 etiam
676 1952 725 1987 ad
744 1952 951 1987 Tarentum
976 1951 1189 1998 flumenque
1211 1952 1414 1989 Galaesum

50 2005 211 2037 testatur
224 2001 305 2046 ipse
321 2001 366 2037 G.
378 2001 445 2046 IV,
460 2001 526 2036 125
542 2013 597 2047 sq.
616 2002 911 2048 Propertiusque
924 2003 975 2047 H,
988 2002 1044 2037 34.
1093 2002 1310 2049 Georgicon
1323 2015 1413 2039 vero

50 2052 136 2088 libri
160 2051 252 2088 editi
276 2052 450 2097 seorsim,
481 2055 523 2087 ut
545 2052 685 2098 primus
710 2053 878 2099 prodiret
902 2065 935 2089 a.
961 2054 1027 2089 719
1051 2053 1152 2102 (vide
1178 2054 1287 2099 plura
1310 2054 1349 2089 in
1374 2054 1414 2089 C.

49 2101 204 2138 Frankii
214 2102 340 2138 Fastis
353 2103 485 2139 Horat.
499 2115 534 2148 p.
547 2103 694 2139 22-25.
707 2116 743 2139 n.
756 2104 805 2151 2)7
821 2105 894 2139 duo
909 2105 1139 2150 posteriores
1152 2104 1314 2140 fortasse
1328 2116 1414 2140 con-

50 2153 167 2188 iuncti
179 2157 267 2199 post
278 2166 443 2200 pugnam
451 2153 659 2200 Actiacam,
674 2166 770 2201 quos
783 2156 964 2191 recitasse
979 2155 1128 2191 videtur
1141 2155 1295 2191 Caesari
1307 2156 1413 2191 initio

52 2215 86 2239 a.
99 2203 176 2239 725.
189 2203 321 2239 iterum
340 2216 385 2240 ex
402 2204 546 2240 oriente
560 2206 731 2241 redeunti
752 2206 854 2252 (nam
872 2206 1032 2252 primum
1050 2217 1127 2242 non
1145 2207 1245 2242 ultra
1257 2207 1414 2242 Brundi-

53 2254 147 2289 sium
158 2258 413 2300 processerat)
437 2260 476 2291 et
487 2254 636 2292 Atellae
655 2257 788 2292 morbo
802 2257 967 2292 faucium
981 2257 1230 2293 decumbenti.
1278 2258 1362 2300 Quo
1376 2258 1414 2293 in

53 2316 186 2350 opere,
212 2306 315 2351 quod
327 2306 407 2351 agri
423 2307 588 2349 colendi,
614 2307 790 2342 arborum
802 2308 1008 2354 vitiumque
1023 2309 1282 2354 serendarum,
1302 2320 1414 2354 peco-

54 2355 176 2400 risque
201 2359 238 2390 et
256 2356 380 2400 apium
405 2357 660 2392 habendarum
685 2363 890 2404 praecepta
915 2359 1100 2403 eontinet,
1125 2359 1244 2394 maior
1255 2371 1316 2395 ars
1337 2371 1413 2395 cer-

52 2404 153 2440 nitur
187 2404 417 2451 singularum
452 2419 574 2442 rerum
611 2409 915 2444 collocandamm
926 2437 935 2455 ,
978 2410 1172 2456 maiorque
1213 2411 1412 2446 verborum

53 2454 270 2500 simplicitas
294 2455 570 2503 imaginumque
595 2459 815 2494 moderatio.
862 2461 958 2496 Nam
975 2464 1014 2495 et
1031 2461 1153 2496 rarius
1176 2460 1359 2496 relabitur
1375 2461 1414 2496 in

53 2504 248 2541 affectatae
264 2510 302 2541 ct
315 2507 468 2551 putidae
483 2508 675 2543 doctrinae
689 2509 828 2554 vitium,
844 2511 947 2556 quod
958 2510 1087 2544 vitium
1101 2514 1183 2546 erat
1193 2509 1414 2546 Alexandri-

52 2568 183 2591 norum
205 2558 414 2603 proprium,
441 2570 515 2604 quo
539 2559 700 2594 referam
719 2559 763 2596 G.
783 2561 853 2606 III,
875 2561 918 2595 12
936 2562 1122 2595 Idumaeas
1134 2563 1293 2606 palmas,
1318 2562 1414 2597 eius-

54 2608 213 2654 demque
238 2608 323 2644 libri
342 2621 376 2644 ν.
388 2608 457 2643 344
471 2620 526 2655 sq.
552 2612 798 2645 armentarium
814 2612 943 2655 Afrum
963 2623 1047 2646 eum
1063 2613 1252 2657 Amyclaeo
1271 2624 1356 2647 cane
1374 2617 1414 2648 et

55 2659 178 2693 Cressa
190 2661 373 2704 pharetra,
397 2671 468 2695 nec
487 2660 599 2695 facile
620 2661 799 2697 siccitatis
817 2661 1067 2697 Lucretianae
1087 2662 1346 2708 admonemur,
1370 2667 1413 2698 ut

55 2708 100 2744 G.
118 2709 187 2753 ΙΙΙ,
203 2709 268 2744 123
285 2711 335 2744 his
347 2712 594 2746 animadversis
609 2715 696 2756 etc„
722 2723 850 2747 verum
867 2712 1021 2748 mirifice
1041 2716 1226 2759 temperat
1237 2714 1411 2749 sterilita-

55 2762 128 2794 tem
144 2764 429 2806 praeceptorum
449 2762 624 2806 prudenti
646 2762 796 2798 delectu
821 2767 859 2798 et
878 2763 990 2798 beata
1007 2763 1279 2809 digressionum
1301 2765 1409 2799 uber—

55 2813 142 2855 tate,
165 2811 364 2857 medioque
390 2813 552 2858 quodam
579 2813 663 2848 stilo
690 2825 780 2848 usus
806 2814 1073 2857 proprietatem
1103 2815 1303 2851 verborum
1327 2826 1410 2851 cum
