1800 3106
601 300 859 340 AENEIDOS
882 299 982 335 LIB.
993 300 1098 336 VIII.
1444 290 1529 333 239

172 411 368 464 frenaque
392 408 508 458 bina,
531 421 651 449 meus
675 419 783 460 quae
805 418 916 446 nunc
938 402 1065 445 habet
1088 417 1213 444 aurea
1234 402 1388 445 Pallas.

170 487 270 529 ergo
294 479 353 522 et,
378 485 504 526 quam
526 468 686 524 petitis,
711 467 852 509 iuncta
874 471 938 508 est
960 465 1063 507 mihi
1086 465 1253 508 foedere
1277 466 1434 516 dextra,

170 542 230 584 et,
253 533 326 574 lux
350 547 444 574 cum
468 531 645 587 primam
669 529 786 571 terris
812 543 857 571 se
882 527 1062 570 crastina
1083 527 1241 578 reddet,
1559 541 1622 571 170

170 595 322 639 auxilio
345 594 476 636 laetos
501 592 724 642 dimittam,
749 590 980 646 opibusque
1003 588 1170 632 iuvabo.

169 659 325 700 interea
348 670 466 698 sacra
488 654 611 705 haec,
637 653 803 708 quando
826 652 909 694 huc
932 651 1105 693 venistis
1130 651 1264 702 amici,

170 734 324 768 annua,
349 731 455 772 quae
480 716 645 758 differre
668 715 806 765 nefas,
832 713 1037 756 celebrate
1059 713 1248 755 faventes

170 780 387 823 nobiscum
411 785 451 820 et
474 778 558 819 iam
579 791 691 819 nunc
715 776 922 819 sociorum
946 776 1180 818 adsuescite
1203 776 1400 817 mensis.“

226 841 346 884 Haec
370 839 442 882 ubi
465 839 593 889 dicta,
619 839 747 894 dapes
770 837 886 880 iubet
910 843 951 879 et
975 837 1139 879 sublata
1160 838 1306 893 reponi
1559 854 1623 883 175

168 902 334 959 pocula,
358 901 654 958 gramineoque
677 900 788 942 viros
812 899 922 942 locat
944 900 1035 954 ipse
1059 899 1191 950 sedili,

168 963 519 1020 praecipuumque
543 968 631 1004 toro
655 968 695 1004 et
718 961 855 1004 villosi
876 961 984 1017 pelle
1007 961 1140 1003 leonis

169 1026 317 1081 accipit
339 1024 533 1074 Aenean,
559 1024 744 1078 solioque
767 1024 915 1066 invitat
938 1038 1100 1066 acerno.

169 1098 257 1130 tum
279 1087 375 1129 lecti
397 1087 568 1128 iuvenes
593 1086 778 1128 certatim
802 1100 979 1140 araeque
1004 1085 1198 1127 sacerdos

168 1150 327 1191 viscera
350 1155 458 1190 tosta
480 1148 619 1190 ferunt
641 1154 870 1198 taurorum,
896 1153 1148 1201 onerantque
1173 1147 1363 1190 canistris
1561 1161 1624 1192 180

169 1212 277 1253 dona
299 1211 508 1252 laooratae
531 1209 709 1260 cereris,
724 1209 1012 1263 bacchumque
1035 1209 1281 1252 ministrant.

169 1272 349 1314 vescitur
371 1270 539 1313 Aeneas
565 1271 687 1313 simul
711 1278 753 1313 et
776 1271 959 1313 Troiana
981 1271 1174 1314 iuventus

170 1339 368 1389 perpetuo
393 1339 509 1389 tergo
532 1333 651 1375 bovis
676 1339 717 1375 et
739 1333 979 1375 lustralibus
1005 1333 1124 1375 extis.

226 1394 457 1449 Postquam
481 1401 674 1450 exempta
696 1394 829 1436 fames
854 1400 896 1436 et
918 1409 1035 1436 amor
1057 1409 1321 1450 compressus
1346 1396 1508 1447 edendi,

170 1471 245 1498 rex
266 1457 490 1499 Euandrus
514 1456 589 1498 ait:
616 1471 726 1508 „non
748 1455 852 1497 haec
876 1456 1092 1498 sollemnia
1114 1457 1248 1507 nobis,
1559 1473 1622 1503 185

171 1519 247 1561 has
272 1533 325 1560 ex
348 1532 462 1560 more
486 1517 634 1573 dapes,
659 1517 767 1559 hanc
791 1517 896 1559 tanti
918 1518 1100 1560 numinis
1125 1533 1240 1560 aram

170 1596 279 1622 vana
302 1579 537 1636 superstitio
560 1585 829 1633 veterumque
853 1579 999 1635 ignara
1022 1579 1194 1621 deorum

170 1642 370 1698 inposuit:
396 1642 552 1692 saevis,
576 1642 730 1697 hospes
755 1641 952 1692 Troiane,
977 1642 1142 1698 periclis

173 1704 324 1746 servati
347 1703 523 1745 facimus
547 1704 797 1758 meritosque
819 1718 1023 1746 novamus
1047 1704 1238 1746 honores.

170 1766 254 1806 iam
277 1765 456 1820 primum
480 1765 591 1807 saxis
616 1779 864 1820 suspensam
887 1765 994 1807 hanc
1017 1766 1156 1822 aspice
1179 1781 1338 1822 rupem,
1561 1782 1625 1812 190

171 1827 367 1868 disiectae
390 1827 535 1882 procul
557 1833 603 1868 ut
625 1827 775 1878 moles,
801 1827 1046 1882 desertaque
1069 1828 1220 1870 montis

170 1895 254 1930 stat
277 1889 424 1930 domus
449 1895 490 1930 et
514 1889 673 1944 scopuli
695 1889 905 1945 ingentem
929 1895 1089 1931 traxere
1111 1890 1286 1932 ruinam.

171 1950 238 1991 hic
263 1950 461 2005 spelunca
483 1950 562 1992 fuit
585 1957 705 1993 vasto
729 1950 923 1993 submota
945 1966 1126 2003 recessu,

171 2012 452 2054 semihominis
479 2011 581 2054 Caci
604 2012 732 2055 facies
757 2028 883 2068 quam
906 2014 996 2056 dira
1018 2014 1196 2066 tenebat,

171 2072 268 2115 solis
292 2074 547 2116 inaccessam
570 2075 695 2117 radiis
703 2091 715 2126 3
741 2090 986 2132 semperque
1008 2077 1163 2118 recenti
1560 2093 1623 2122 195

169 2135 294 2176 caede
319 2135 485 2191 tepebat
506 2136 677 2187 humus,
702 2137 944 2192 foribusque
968 2139 1107 2181 adfixa
1131 2139 1321 2195 superbis
1368 2143 1371 2145 ’

169 2211 241 2238 ora
263 2197 398 2238 virum
422 2198 526 2240 tristi
549 2198 785 2253 pendebant
807 2200 961 2255 pallida
984 2201 1095 2242 tabo.

169 2256 266 2299 huic
288 2266 472 2300 monstro
495 2259 707 2302 Volcanus
732 2268 818 2302 erat
841 2268 976 2316 pater:
1001 2262 1111 2304 illius
1136 2268 1247 2304 atros

170 2332 241 2359 ore
262 2333 434 2360 vomens
457 2320 566 2375 ignis
590 2336 744 2376 magna
767 2336 812 2362 se
835 2322 944 2363 mole
968 2322 1138 2364 ferebat.

170 2378 306 2420 attulit
329 2386 371 2420 et
393 2380 512 2422 nobis
537 2381 758 2434 aliquando
782 2383 1019 2437 optantibus
1043 2390 1156 2425 aetas
1557 2397 1622 2427 200

170 2440 370 2482 auxilium
394 2441 700 2496 adventumque
724 2443 804 2484 dei.
830 2458 927 2484 nam
949 2445 1156 2486 maximus
1180 2445 1301 2494 ultor,

170 2503 387 2558 tergemini
410 2518 510 2545 nece
536 2502 756 2559 Geryonae
781 2505 1004 2560 spoliisque
1029 2505 1246 2561 superbus,

169 2561 341 2606 Alcides
367 2565 525 2615 aderat,
550 2571 773 2619 taurosque
796 2565 875 2607 hac
898 2566 1029 2607 victor
1051 2566 1202 2622 agebat

170 2624 368 2680 ingentis,
394 2626 627 2680 vallemque
650 2626 780 2668 boves
804 2641 1050 2681 amnemque
1075 2627 1281 2669 tenebant.

171 2692 213 2726 at
235 2686 353 2730 furiis
380 2687 482 2730 Caci
505 2703 623 2730 mens
647 2688 792 2738 effera,
817 2703 870 2730 ne
893 2689 994 2743 quid
1015 2688 1211 2731 inausum
1551 2704 1616 2735 205

172 2753 242 2789 aut
264 2748 527 2791 intractatum
551 2749 769 2792 scelerisve
794 2750 929 2792 dolive
952 2750 1113 2802 fuisset,
