1800 3080
558 294 818 332 AENEIDOS
837 294 934 330 LIB.
954 295 1042 330 XII.

114 413 204 447 tum
226 417 325 446 vero
349 402 582 458 adsurgunt
603 400 707 450 irae,
733 399 978 453 insidiisque
1003 397 1213 449 subactus,

114 467 301 509 diversos
325 463 398 507 ubi
423 463 548 506 sentit
572 476 701 518 equos
727 475 976 516 currumque
998 461 1155 512 referri,

113 529 244 571 multa
266 527 412 569 Iovem
437 533 478 568 et
500 525 605 567 laesi
627 530 804 567 testatus
829 523 1009 566 foederis
1034 538 1127 565 aras

112 592 196 633 iam
220 589 389 632 tandem
412 588 572 630 invadit
594 587 755 629 medios
780 593 822 628 et
844 586 983 628 Marte
1008 585 1192 628 secundo

113 652 306 695 terribilis
331 666 501 694 saevam
525 649 639 692 nullo
663 649 900 692 discrimine
925 649 1095 691 caedem

114 715 306 765 suscitat,
331 714 569 768 irarumque
594 727 738 755 omnes
763 711 941 754 effundit
963 711 1161 754 habenas.

173 777 281 831 Quis
305 777 407 818 mihi
431 790 542 818 nunc
566 782 628 818 tot
651 775 801 818 acerba
824 775 946 826 deus,
972 775 1066 830 quis
1091 775 1273 817 carmine
1298 776 1448 818 caedes

114 840 320 892 diversas,
346 834 588 895 obitumque
612 839 784 889 ducum,
810 853 916 893 quos
941 845 1121 893 aequore
1145 844 1233 880 toto

113 903 240 958 inque
263 903 398 945 vicem
421 916 534 944 nunc
557 901 727 944 Turnus
751 901 857 958 agit,
882 915 994 943 nunc
1018 900 1172 943 Troius
1195 900 1332 980 heros,

114 965 332 1021 expediat?
356 971 501 1007 tanton
522 964 679 1021 placuit
703 978 947 1006 concurrere
970 969 1099 1014 motu,

112 1027 320 1083 Iuppiter,
346 1034 515 1069 aeterna
537 1033 685 1083 gentes
709 1026 752 1067 in
774 1040 878 1082 pace
902 1025 1091 1068 futuras?

111 1089 281 1131 Aeneas
304 1088 509 1131 Rutulum
535 1087 767 1131 Sucronem
791 1113 846 1118 —
871 1102 922 1129 ea
944 1087 1079 1143 prima
1101 1088 1259 1129 ruentis

112 1166 255 1208 pugna
277 1150 369 1193 loco
395 1151 540 1193 statuit
563 1150 751 1192 Teucros
775 1175 831 1181 —
854 1149 969 1192 haud
991 1149 1124 1191 multa
1146 1156 1378 1191 morantem

113 1213 266 1269 excipit
288 1213 333 1255 in
355 1213 465 1255 latus
490 1219 550 1264 et,
574 1227 659 1268 qua
682 1212 770 1254 fata
793 1211 1025 1263 celerrima,
1050 1212 1226 1254 crudum

114 1275 359 1332 transadigit
382 1281 520 1317 costas
545 1281 587 1317 et
610 1280 743 1316 crates
767 1274 947 1330 pectoris
972 1288 1128 1316 ensem.

115 1337 283 1380 Turnus
307 1351 416 1391 equo
439 1337 647 1379 deiectum
669 1335 884 1391 Amycum
906 1336 1159 1390 fratremque
1182 1336 1372 1386 Diorem,

115 1413 364 1455 congressus
387 1398 536 1454 pedes,
560 1398 673 1440 hunc
695 1398 933 1439 venientem
957 1398 1130 1453 cuspide
1153 1398 1292 1453 longa,

113 1460 226 1503 hunc
249 1474 446 1503 mucrone
469 1459 584 1510 serit,
609 1474 815 1514 curruque
839 1459 1004 1502 abscisa
1027 1460 1205 1501 duorum

115 1523 333 1580 suspendit
357 1523 494 1579 capita
517 1529 559 1565 et
580 1522 763 1565 rorantia
787 1522 991 1579 sanguine
1013 1527 1162 1577 portat.

114 1586 183 1629 ille
207 1586 344 1629 Talon
368 1587 627 1642 Tanaimque
650 1586 744 1628 neci
767 1585 1000 1640 fortemque
1027 1584 1276 1641 Cethegum,

115 1650 189 1692 tris
212 1664 298 1692 uno
322 1664 568 1706 congressu,
594 1655 636 1691 et
657 1655 864 1691 maestum
888 1648 1014 1690 mittit
1039 1646 1209 1698 Oniten,

115 1727 267 1754 nomen
289 1712 541 1755 Echionium
564 1711 791 1766 matrisque
815 1726 949 1768 genus
973 1710 1186 1761 Peridiae3

114 1774 184 1816 hic
207 1774 356 1817 fratres
380 1775 518 1830 Lycia
539 1774 692 1817 missos
717 1781 759 1816 et
781 1773 991 1830 Apollinis
1018 1773 1130 1830 agris

115 1843 157 1879 et
179 1837 372 1879 iuvenem
396 1852 572 1880 exosum
593 1837 847 1892 nequiquam
871 1835 982 1878 bella
1003 1835 1243 1886 Menoeten,

115 1899 301 1950 Arcada,
325 1900 516 1956 piscosae
540 1899 608 1942 cui
631 1899 787 1941 circum
810 1899 983 1940 flumina
1005 1899 1174 1940 Lernae

115 1977 182 2004 ars
206 1961 343 2004 fuerat
364 1976 604 2018 pauperque
629 1961 797 2012 domus,
822 1975 900 2003 nec
923 1967 1022 2003 nota
1044 1967 1260 2017 potentum

116 2024 276 2074 limina,
302 2025 589 2079 conductaque
612 2031 731 2080 pater
754 2024 899 2066 tellure
924 2023 1100 2066 serebat.

115 2100 165 2128 ac
186 2086 301 2128 velut
323 2086 486 2128 inmissi
508 2086 684 2129 diversis
707 2086 896 2142 partibus
920 2086 1040 2143 ignes

115 2154 299 2190 arentem
322 2149 367 2190 in
390 2149 539 2191 silvam
563 2155 604 2191 et
626 2148 809 2205 virgulta
833 2148 1023 2190 sonantia
1046 2148 1175 2198 lauro,

117 2216 189 2251 aut
210 2210 284 2252 ubi
309 2211 488 2252 decursu
511 2211 657 2266 rapido
681 2211 733 2252 de
757 2210 969 2252 montibus
995 2210 1089 2251 altis

116 2272 216 2313 dant
240 2272 422 2313 sonitum
446 2272 634 2327 spumosi
657 2286 800 2313 amnes
825 2277 867 2313 et
889 2271 933 2312 in
956 2285 1137 2325 aequora
1161 2277 1330 2311 currunt

116 2332 292 2387 quisque
317 2348 438 2375 suum
461 2333 684 2388 populatus
707 2333 805 2374 iter:
829 2347 915 2374 non
938 2332 1109 2388 segnius
1133 2331 1257 2373 ambo

118 2395 286 2436 Aeneas
312 2394 564 2449 Turnusque
586 2400 713 2436 ruunt
734 2408 810 2449 per
832 2393 1006 2449 proelia3
1031 2407 1161 2442 nunc,
1185 2407 1296 2433 nunc

118 2456 290 2498 fluctuat
312 2456 374 2498 ira
396 2457 527 2506 intus,
551 2462 800 2511 rumpuntur
827 2455 971 2496 nescia
993 2454 1104 2496 vinci

118 2523 303 2572 pectora,
330 2532 440 2560 nunc
463 2518 560 2560 totis
584 2517 629 2559 in
651 2516 822 2558 volnera
844 2515 1002 2558 viribus
1026 2515 1119 2557 itur.

118 2578 365 2622 Murranum
388 2580 475 2630 hic,
501 2586 646 2621 atavos
670 2584 712 2620 et
735 2592 908 2620 avorum
932 2577 1103 2632 antiqua
1126 2582 1342 2618 sonantem

118 2642 305 2692 nomina,
329 2657 405 2698 per
426 2656 631 2698 regesque
655 2647 793 2684 actum
817 2654 950 2696 genus
975 2654 1098 2682 omne
1120 2638 1311 2688 Latinos,

119 2703 386 2759 praecipitem
410 2703 582 2760 scopulo
606 2710 730 2757 atque
753 2702 933 2758 ingentis
957 2701 1120 2744 turbine
1145 2701 1236 2744 saxi

121 2764 274 2820 excipit
297 2766 556 2821 effunditque
582 2766 691 2816 solo,
714 2764 827 2806 huno
849 2763 937 2806 lora
961 2770 1002 2806 et
1024 2764 1124 2820 iuga
1148 2762 1290 2806 subter

1399 285 1482 327 335

1506 476 1572 506 495

1508 789 1574 820 500

1509 1102 1574 1132 505

1509 1406 1575 1442 510

1509 1723 1574 1752 515
1604 1748 1619 1759 f

1510 2651 1574 2680 530
