1794 3048
371 307 427 348 44
771 316 812 349 P.
830 314 1061 350 VERGILII
1080 311 1303 348 MARONIS

307 430 348 460 30
373 417 470 470 quin
494 422 534 457 et
558 415 792 457 caudicibus
818 414 938 456 sectis
962 439 1016 444 --
1040 413 1222 455 mirabile
1247 414 1355 454 dictu
1381 438 1435 444 —

307 733 347 762 35

306 1036 348 1065 40

307 1340 348 1369 45

372 477 545 519 truditur
568 491 590 516 e
615 476 722 516 sicco
744 475 861 515 radix
885 474 1071 529 oleagina
1092 474 1216 529 ligno.

373 545 414 578 et
437 551 558 591 saepe
582 536 746 577 alterius
770 549 905 576 ramos
930 535 1081 589 inpune
1104 535 1289 576 videmus

371 603 527 638 vertere
549 597 592 637 in
615 595 798 645 alterius,
823 601 1100 649 mutatamque
1123 595 1246 636 insita
1267 595 1374 636 mala

371 658 476 698 ferre
499 657 633 711 pirum
657 662 697 697 et
718 656 858 711 prunis
882 656 1067 711 lapidosa
1088 655 1304 698 rubescere
1328 670 1461 698 corna.

429 717 566 770 Quare
591 717 699 772 agite
723 731 766 767 o,
790 717 974 771 proprios
997 717 1222 772 generatim
1245 717 1387 758 discite
1411 718 1555 768 cultus,

372 777 591 833 agricolae,
616 777 854 830 fructusque
878 778 987 819 feros
1011 778 1163 818 mollite
1187 777 1370 827 colendo,

373 853 453 880 neu
477 852 623 894 segnes
648 838 805 879 iaceant
828 844 969 879 terrae.
994 838 1107 879 iuvat
1129 838 1288 879 Ismara
1310 838 1474 880 Baccho

372 914 583 941 conserere
608 905 729 953 atque
753 899 843 940 olea
865 914 1060 955 magnum
1082 899 1231 941 vestire
1255 898 1506 941 Taburnum.

373 968 497 1014 tuque
520 961 637 1009 ades,
661 960 948 1015 inceptumque
971 975 1054 1001 una
1077 960 1244 1001 decurre
1267 959 1460 1008 laborem,

373 1037 396 1063 o
421 1022 567 1071 decus,
592 1036 617 1063 o
641 1021 775 1062 famae
798 1021 941 1062 merito
963 1035 1058 1076 pars
1082 1021 1260 1062 maxima
1281 1027 1456 1071 nostrae,

371 1082 610 1132 Maecenas,
634 1082 861 1137 pelagoque
884 1082 1026 1123 volans
1051 1082 1104 1123 da
1126 1081 1218 1123 vela
1239 1082 1405 1136 patenti.

372 1159 453 1185 non
476 1150 724 1199 egocuncta
746 1144 848 1185 meis
873 1143 1061 1198 amplecti
1083 1143 1268 1185 versibus
1293 1150 1401 1198 opto,

372 1220 471 1254 non,
496 1204 596 1247 mihi
620 1205 655 1245 si
677 1204 841 1260 linguae
865 1211 1028 1245 centum
1052 1204 1133 1246 sint
1155 1218 1306 1258 oraque
1330 1210 1504 1254 centum,

371 1265 503 1306 ferrea
525 1280 625 1315 vox3
651 1266 766 1314 ades,
793 1271 832 1306 et
854 1265 974 1319 primi
996 1265 1087 1320 Iege
1110 1265 1237 1306 litoris
1261 1280 1385 1306 oram.

371 1326 412 1367 in
437 1326 624 1367 manibus
649 1332 778 1367 terrae
785 1342 797 1376 3
820 1341 902 1367 non
925 1326 992 1367 hic
1015 1331 1055 1366 te
1079 1325 1255 1366 carmine
1278 1326 1373 1366 ficto

373 1393 492 1440 atque
516 1401 590 1441 per
612 1386 807 1441 ambages
833 1394 873 1428 et
895 1386 1018 1441 longa
1042 1401 1187 1427 exorsa
1210 1386 1368 1428 tenebo.

430 1446 585 1501 Sponte
610 1462 684 1488 sua
706 1461 811 1499 quae
836 1461 880 1487 se
904 1447 1050 1488 tollunt
1072 1447 1116 1487 in
1137 1447 1301 1488 luminis
1326 1462 1430 1496 oras,

371 1507 590 1548 infecunda
613 1507 795 1561 quidem,
821 1507 895 1549 sed
917 1507 1023 1548 laeta
1046 1515 1086 1548 et
1108 1507 1228 1549 fortia
1252 1514 1440 1563 surgunt3

373 1568 522 1622 quippe
547 1568 633 1609 solo
657 1574 802 1609 natura
826 1567 978 1609 subest.
1003 1574 1139 1609 tamen
1162 1568 1263 1609 haec
1286 1582 1465 1622 quoque,
1492 1569 1525 1610 si
1549 1569 1640 1622 quis

312 1641 353 1670 50
373 1629 523 1670 inserat
546 1634 616 1670 aut
640 1628 852 1670 scrobibus
877 1629 1042 1670 mandet
1065 1634 1220 1670 mutata
1243 1629 1435 1678 subactis,

308 1947 349 1976 55

309 2250 350 2279 60

311 2556 350 2585 65

373 1689 556 1730 exuerint
580 1689 807 1730 silvestrem
830 1689 1028 1739 animum,
1054 1689 1245 1743 cultuque
1269 1689 1470 1743 frequenti

371 1751 414 1791 in
436 1764 713 1803 quascumque
736 1750 849 1791 voles
873 1756 979 1792 artes
1002 1750 1113 1791 haud
1136 1750 1251 1791 tarda
1274 1756 1503 1804 sequentur.

372 1825 447 1852 nec
470 1825 552 1851 non
576 1817 615 1851 et
639 1810 804 1860 sterilis,
829 1825 934 1863 quae
958 1811 1151 1866 stirpibus
1176 1811 1259 1852 exit
1282 1810 1334 1852 ab
1358 1811 1463 1861 imis,

373 1871 451 1912 hoc
474 1871 613 1920 saciet,
638 1885 789 1912 vacuos
815 1871 850 1912 si
874 1871 927 1912 sit
949 1871 1109 1927 digesta
1130 1886 1203 1926 per
1226 1886 1366 1927 agros3

373 1946 480 1972 nunc
503 1931 608 1972 altae
632 1931 797 1972 frondes
822 1937 862 1972 et
883 1932 987 1972 rami
1009 1932 1149 1973 matris
1174 1939 1359 1987 opacant,

373 1991 651 2045 crescentique
674 1992 858 2033 adimunt
881 1991 1009 2042 fetus,
1033 1998 1236 2046 uruntque
1260 1992 1469 2035 ferentem.

373 2054 472 2103 iam,
497 2067 602 2106 quae
626 2052 848 2094 seminibus
871 2053 987 2094 iactis
1012 2067 1056 2094 se
1081 2053 1243 2094 sustulit
1266 2053 1398 2103 arbos,

374 2114 489 2155 tarda
511 2113 639 2163 venit,
665 2113 765 2155 seris
789 2113 947 2155 factura
968 2113 1184 2168 nepotibus
1208 2113 1408 2163 umbram,

373 2188 575 2229 pomaque
599 2175 846 2229 degenerant
870 2188 988 2216 sucos
1013 2173 1138 2216 oblita
1159 2174 1327 2229 priores,

374 2241 414 2276 et
437 2235 564 2289 turpis
589 2234 733 2276 avibus
756 2235 950 2289 praedam
971 2234 1051 2275 fert
1072 2249 1154 2275 uva
1175 2249 1370 2276 racemos.

375 2297 528 2339 scilicet
550 2296 738 2338 omnibus
763 2302 825 2337 est
847 2295 962 2337 labor
984 2296 1264 2350 inpendendus
1289 2301 1330 2336 et
1352 2310 1493 2337 omnes

375 2357 582 2413 cogendae
605 2357 649 2398 in
672 2357 829 2398 sulcum
853 2371 901 2398 ac
923 2356 1051 2397 multa
1074 2356 1260 2397 mercede
1284 2356 1521 2398 domandae.

376 2419 449 2460 sed
472 2418 624 2459 truncis
649 2418 761 2459 oleae
785 2417 949 2467 melius,
973 2417 1197 2472 propagine
1219 2416 1323 2458 vites

375 2479 638 2534 respondent,
665 2478 793 2519 solido
816 2477 999 2533 Paphiae
1023 2478 1073 2518 de
1095 2477 1240 2519 robore
1262 2482 1438 2531 myrtus3

375 2540 523 2594 plantis
548 2546 588 2581 et
611 2540 736 2580 durae
761 2539 886 2594 coryli
907 2544 1130 2580 nascuntur
1152 2543 1192 2579 et
1213 2538 1357 2592 ingens

376 2600 578 2650 fraxinus,
603 2600 915 2653 Herculeaeque
938 2598 1058 2640 arbos
1082 2598 1274 2640 umbrosa
1296 2610 1480 2645 coronae,

379 2659 632 2713 Chaoniique
654 2660 781 2714 patris
805 2660 993 2715 glandes;
1018 2659 1139 2700 etiam
1162 2658 1287 2699 ardua
1307 2657 1444 2713 palma

376 2721 556 2762 nascitur
579 2726 618 2762 et
642 2734 761 2762 casus
786 2720 897 2762 abies
921 2720 1059 2762 visura
1081 2719 1270 2761 marinos.
