1820 3054
375 291 457 334 362
772 297 815 331 P.
832 294 1062 331 VERGILII
1078 292 1302 329 MARONIS

374 414 475 442 ausa
497 397 607 452 quod
629 401 692 437 est
713 395 858 436 mulier
880 407 1032 435 numen
1053 393 1242 435 fraudare
1265 393 1433 436 deorum

375 467 415 501 et
437 459 587 500 dictam
609 455 762 498 Veneri
784 460 880 496 voto
901 454 1162 497 intervertere
1184 456 1372 509 poenam,

307 535 351 565 85
373 533 496 573 quam
518 517 626 559 mala
647 515 859 571 multiplici
882 515 1076 557 iuvenum
1098 515 1209 569 quod
1231 521 1371 571 saepta
1394 522 1556 559 caterva

375 581 531 621 dixerat
552 583 675 631 atque
698 577 833 619 animo
856 575 1047 619 meretrix
1067 575 1217 618 iactata
1238 575 1427 627 ferarum,

374 639 568 681 infamem
591 638 661 679 tali
684 637 919 680 meritorum
941 650 1053 679 more
1075 636 1218 686 fuisse,

375 701 495 741 docta
515 698 782 753 Palaephatia
804 703 976 739 testatur
997 710 1098 739 voce
1121 710 1313 752 papyrus.

375 759 573 814 quidquid
595 765 635 800 et
657 764 703 799 ut
725 758 898 813 quisque
921 763 985 800 est
1007 757 1078 799 tali
1101 758 1152 800 de
1175 758 1290 799 clade
1312 757 1484 808 locutus,

310 834 353 864 90
376 820 512 862 omnia
535 819 634 861 sint:
656 819 793 874 potius
817 818 937 861 liceat
957 824 1167 861 notescere
1192 817 1319 868 Cirin,

376 887 498 935 atque
520 894 646 921 unam
669 894 721 922 ex
743 879 880 922 multis
907 878 1088 934 Scyllam
1111 894 1194 921 non
1216 893 1307 922 esse
1330 879 1489 934 puellis.

375 955 501 996 quare
524 954 648 995 quae,
673 946 815 982 cantus
839 940 1049 982 meditanti
1072 940 1231 983 mittere
1254 947 1397 989 certos,

376 1016 527 1056 magna
548 1000 649 1042 mihi
671 1000 819 1055 cupido
842 999 1039 1042 tribuistis
1061 1001 1260 1054 praemia,
1285 1001 1403 1042 divae

376 1061 560 1104 Pierides
583 1085 638 1092 -
661 1075 832 1114 quarum
854 1065 988 1102 castos
1013 1060 1191 1115 calparia
1212 1067 1350 1115 postes

311 1136 354 1167 95
376 1135 542 1163 munere
566 1135 688 1176 saepe
710 1134 802 1163 meo
824 1120 1024 1170 inficiunt,
1048 1120 1285 1174 foribusque
1308 1121 1516 1175 hyacinthi

377 1183 585 1238 deponunt
607 1181 727 1224 flores
752 1187 822 1223 aut
846 1195 971 1223 suave
993 1181 1143 1224 rubens
1166 1182 1372 1225 narcissus

378 1248 448 1284 aut
471 1256 613 1284 crocus
637 1241 791 1283 alterna
813 1242 1064 1298 coniungens
1087 1241 1172 1283 lilia
1194 1241 1339 1290 caltha,

379 1316 600 1357 sparsaque
621 1301 828 1345 liminibus
851 1302 967 1343 floret
988 1316 1082 1343 rosa
1105 1325 1176 1350 —,
1200 1315 1310 1342 nunc
1333 1314 1427 1356 age,
1453 1301 1582 1351 divae,

378 1363 596 1418 praecipue
619 1368 757 1404 nostro
779 1376 889 1405 nune
912 1362 1115 1416 adspirate
1137 1361 1279 1411 labori,

292 1436 356 1468 100
379 1429 499 1477 atque
522 1437 674 1464 novum
697 1428 861 1465 aeterno
883 1423 1106 1477 praetexite
1128 1421 1281 1464 honore
1303 1421 1506 1463 volumen.

436 1482 542 1526 Sunt
563 1482 802 1525 Pandioniis
825 1483 983 1526 vicinae
1007 1482 1173 1525 sedibus
1197 1482 1318 1525 urbes

378 1543 558 1586 Actaeos
581 1544 686 1586 inter
708 1544 831 1586 colles
855 1550 896 1586 et
918 1544 1091 1587 candida
1114 1543 1266 1586 Thesei

378 1604 591 1660 purpureis
614 1604 695 1646 late
717 1604 891 1647 ridentia
911 1604 1030 1646 litora
1053 1604 1230 1653 conchis,

380 1681 551 1720 quarum
573 1681 657 1708 non
679 1666 751 1708 ulli
773 1666 885 1709 fama
907 1666 1128 1710 concedere
1152 1666 1277 1721 digna

294 1740 356 1770 105
381 1733 460 1769 stat
481 1727 673 1782 Megara,
696 1726 845 1770 Actaei
867 1727 1072 1781 quondam
1094 1726 1250 1768 munita
1271 1725 1408 1767 labore

379 1787 607 1829 Alcathoae
630 1786 888 1841 Phoebique:
913 1787 1014 1830 deus
1037 1801 1213 1840 namque
1237 1786 1369 1830 adfuit
1391 1786 1468 1835 illi3

379 1848 488 1889 unde
512 1848 634 1890 etiam
657 1848 833 1890 citharae
856 1862 978 1890 voces
1001 1848 1181 1890 imitatus
1205 1853 1345 1889 acutas

381 1922 504 1962 saepe
526 1908 630 1963 lapis
652 1914 836 1963 recrepat
859 1907 1047 1963 Cyllenia
1069 1923 1276 1950 murmura
1297 1907 1454 1962 pulsus,

381 1973 421 2008 et
442 1973 622 2009 veterem
645 1968 780 2009 sonitu
802 1967 962 2009 Phoebi
985 1974 1157 2010 testatur
1179 1982 1370 2009 amorem.

294 2040 358 2071 110
380 2027 485 2068 hanc
508 2027 668 2076 urbem,
693 2033 786 2069 ante
810 2027 910 2069 alios
934 2027 1004 2080 qui
1027 2033 1123 2069 tunc
1144 2026 1314 2069 florebat
1335 2027 1379 2067 in
1401 2027 1536 2075 armis,

380 2086 533 2128 fecerat
554 2087 745 2128 infestam
766 2086 983 2142 populator
1003 2087 1158 2142 remige
1179 2086 1333 2136 Minos,

381 2147 559 2201 hospitio
582 2147 693 2200 quod
717 2161 761 2188 se
782 2147 874 2188 Nisi
895 2146 1093 2201 Polyidos
1118 2146 1228 2188 avito

383 2206 650 2262 Carpathium
671 2207 837 2263 fugiens
861 2213 902 2249 et
923 2207 1092 2250 flumina
1116 2206 1314 2249 Caeratea

383 2272 550 2308 texerat.
574 2267 684 2309 hunc
706 2267 814 2310 bello
835 2272 1024 2322 repetens
1049 2265 1274 2321 Gortynius
1297 2266 1417 2308 heros

296 2341 359 2372 115
382 2327 523 2369 Attica
547 2327 720 2370 Cretaea
743 2328 948 2371 sternebat
969 2343 1064 2371 rura
1087 2328 1246 2383 sagitta.

384 2389 457 2431 sed
478 2403 611 2444 neque
634 2396 731 2431 tunc
753 2389 881 2440 cives,
905 2404 1038 2443 neque
1061 2395 1158 2431 tunc
1179 2403 1253 2431 rex
1274 2388 1363 2444 ipse
1384 2393 1547 2430 veretur

382 2449 532 2491 infesto
556 2450 610 2491 ad
631 2464 769 2492 muros
791 2450 1007 2493 volitantes
1030 2449 1192 2507 agmine
1215 2454 1368 2491 turmas

383 2511 544 2553 vincere
567 2517 608 2553 et
629 2511 845 2553 indomitas
867 2511 1016 2553 virtute
1038 2510 1252 2553 retundere
1274 2514 1444 2558 mentes,

383 2585 626 2626 responsum
648 2572 839 2626 quoniam
862 2571 960 2613 satis
984 2577 1047 2613 est
1068 2570 1302 2613 meminisse
1324 2570 1503 2611 deorum.

300 2643 363 2674 120
385 2646 480 2672 nam
503 2632 635 2687 capite
658 2647 684 2673 a
707 2647 866 2677 summo
889 2631 998 2687 regis
1023 2655 1076 2663 —-
1100 2630 1284 2675 mirabile
1307 2630 1418 2671 dictu
1440 2651 1494 2659 -

387 2692 559 2733 candida
582 2693 780 2734 caesaries
805 2717 859 2724 -—
882 2691 1079 2735 florebant
1102 2697 1283 2746 tempora
1304 2690 1416 2732 lauro
1439 2711 1493 2719 --
