1780 3074
530 324 830 364 GEORGICON
847 325 946 362 LIB.
964 325 1030 362 IV.

97 434 200 476 haec
224 433 380 475 circum
404 431 541 474 casiae
563 430 717 473 virides
742 436 783 472 et
807 429 960 472 olentia
983 428 1066 471 late

99 494 280 551 serpulla
303 500 344 536 et
367 494 550 551 graviter
573 492 767 549 spirantis
792 492 912 548 copia
936 491 1153 547 thymbrae

98 557 259 608 floreat,
284 556 576 613 inriguumque
600 555 746 598 bibant
768 555 941 597 violaria
963 554 1135 596 fontem.

98 620 190 676 ipsa
213 625 370 670 autem,
398 633 474 661 seu
497 617 719 661 corticibus
743 617 820 660 tibi
843 624 938 659 suta
961 616 1131 667 cavatis,

99 697 175 724 seu
196 682 308 724 lento
332 681 487 723 fuerint
510 680 690 722 alvearia
712 679 867 721 vimine
891 685 1017 730 texta,

99 750 300 801 angustos
324 742 506 785 habeant
529 742 688 784 aditus:
713 757 811 783 nam
835 741 990 797 frigore
1014 741 1140 783 mella

99 806 211 863 cogit
234 806 387 856 hiems,
413 804 642 858 eademque
667 803 780 845 calor
801 803 1027 858 liquefacta
1049 803 1233 844 remittit.

99 876 274 923 utraque
296 867 361 909 vis
385 865 535 923 apibus
558 865 714 921 pariter
736 865 979 907 metuenda:
1004 880 1140 920 neque
1164 865 1259 907 illae

98 930 352 985 nequiquam
373 928 420 971 in
442 927 562 970 tectis
587 926 776 969 certatim
799 927 941 969 tenuia
964 942 1060 970 cera

100 993 351 1049 spiramfflta
372 991 508 1033 linunt
530 989 712 1045 fucoque
737 995 779 1032 et
801 989 973 1032 floribus
998 1005 1092 1032 oras

100 1055 285 1111 explent,
311 1053 613 1107 collectumque
636 1052 741 1094 haec
764 1052 857 1108 ipsa
880 1052 935 1094 ad
958 1066 1132 1093 munera
1155 1051 1301 1107 gluten

99 1124 141 1160 et
163 1116 279 1159 visco
303 1121 345 1158 et
366 1114 579 1172 Phrygiae
603 1120 771 1157 servant
792 1114 886 1171 pice
908 1114 1061 1156 lentius
1085 1114 1201 1155 Idae.

101 1194 225 1236 saepe
250 1178 375 1221 etiam
398 1177 584 1229 effossis,
610 1177 647 1220 si
669 1191 770 1220 vera
793 1183 858 1220 est
880 1177 1012 1229 fama,
1037 1176 1207 1219 latebris

102 1242 179 1286 sub
203 1248 312 1284 terra
334 1241 476 1284 fovere
498 1241 647 1291 larem,
672 1240 923 1296 penitusque
945 1246 1134 1297 repertae

100 1304 419 1362 pumicibusque
444 1303 558 1346 cavis
583 1318 816 1358 exesaeque
841 1303 999 1346 arboris
1025 1309 1156 1346 antro.

102 1377 147 1409 tu
172 1374 312 1409 tamen
334 1372 376 1408 et
397 1365 480 1408 levi
502 1366 657 1408 rimosa
680 1365 833 1408 cubilia
855 1365 955 1408 limo

103 1444 243 1486 ungue
266 1428 415 1471 fovens
440 1428 596 1469 circum
620 1434 662 1470 et
682 1443 798 1470 raras
824 1429 1056 1484 superinice
1080 1428 1264 1471 frondes.

103 1507 185 1534 neu
207 1491 378 1547 propius
402 1490 522 1533 tectis
547 1496 692 1532 taxum
716 1490 824 1542 sine,
850 1505 956 1533 neve
979 1491 1168 1546 rubentis

102 1570 176 1596 ure
199 1554 296 1596 foco
321 1568 512 1605 cancros,
538 1553 646 1595 altae
669 1567 753 1595 neu
777 1553 898 1595 crede
921 1553 1078 1610 paludi,

103 1623 174 1659 aut
197 1615 271 1659 ubi
293 1616 398 1658 odor
420 1615 538 1657 caeni
560 1615 722 1672 gravis,
748 1621 820 1658 aut
842 1615 917 1658 ubi
940 1631 1125 1659 concava
1147 1616 1274 1673 pulsu

104 1696 207 1722 saxa
230 1685 380 1722 sonant
402 1679 602 1734 vocisque
626 1678 788 1721 offensa
809 1680 984 1722 resultat
1005 1680 1159 1737 imago.

162 1741 290 1796 Quod
314 1748 522 1798 superest,
547 1741 622 1784 ubi
643 1741 811 1797 pulsam
833 1742 1016 1784 hiemem
1040 1743 1104 1785 sol
1127 1757 1279 1785 aureus
1304 1742 1390 1799 egit

106 1804 183 1847 sub
208 1811 338 1846 terras
363 1803 608 1858 caelumque
633 1804 792 1846 aestiva
814 1804 908 1847 luce
930 1804 1113 1855 reclusit,

105 1867 198 1909 illae
223 1866 419 1909 continuo
444 1866 574 1908 saltus
599 1866 809 1921 silvasque
831 1877 1055 1923 peragrant

106 1940 418 1986 purpureosque
441 1934 603 1970 metunt
624 1927 747 1971 flores
772 1934 814 1971 et
837 1929 1010 1971 flumina
1031 1928 1163 1972 libant

107 2007 271 2035 summa
291 1991 419 2034 leves.
444 1991 543 2033 hinc
565 1991 707 2033 nescio
730 2006 815 2046 qua
837 1991 1056 2034 dulcedine
1079 1992 1213 2034 laetae

106 2053 349 2110 progeniem
371 2053 576 2108 nidosque
599 2053 744 2096 fovent
751 2070 762 2105 ;
787 2053 886 2096 hinc
909 2060 997 2097 arte
1019 2061 1207 2097 recentes

108 2117 319 2159 excudunt
341 2131 458 2159 ceras
482 2123 524 2159 et
546 2116 671 2159 mella
694 2117 855 2160 tenacia
877 2117 1054 2175 fingunt.

108 2179 204 2222 hinc
226 2178 299 2222 ubi
322 2179 407 2221 iam
429 2180 631 2222 emissum
655 2180 794 2223 caveis
819 2180 874 2223 ad
898 2180 1035 2223 sidera
1059 2181 1164 2223 caeli

109 2256 207 2283 nare
230 2255 306 2297 per
329 2247 530 2284 aestatem
553 2241 756 2296 liquidam
781 2243 1019 2299 suspexeris
1045 2259 1199 2300 agmen

110 2303 412 2357 obscuramque
435 2303 543 2345 trahi
566 2310 691 2345 vento
715 2304 918 2347 mirabere
941 2305 1116 2357 nubem,

111 2365 427 2420 contemplator:
453 2380 583 2419 aquas
609 2365 751 2408 dulces
777 2373 818 2408 et
841 2367 1016 2410 frondea
1040 2382 1205 2424 semper

112 2433 221 2469 tecta
242 2433 400 2482 petunt.
425 2426 508 2468 huc
531 2432 577 2468 tu
599 2426 737 2470 iussos
762 2428 966 2485 adsperge
991 2444 1175 2485 sapores,

113 2488 206 2530 trita
229 2487 494 2544 melisphylla
517 2493 558 2530 et
581 2489 791 2531 cerinthae
814 2490 998 2546 ignobile
1023 2506 1209 2547 gramen,

113 2550 367 2605 tinnitusque
391 2550 454 2592 cie
478 2555 520 2592 et
541 2548 692 2592 Matris
718 2557 842 2605 quate
867 2552 1058 2607 cymbala
1082 2553 1250 2595 circum.

114 2612 230 2667 ipsae
253 2612 470 2654 consident
493 2612 708 2655 medicatis
734 2613 923 2664 sedibus,
947 2614 1063 2669 ipsae

115 2674 259 2716 intima
281 2689 396 2717 more
420 2689 497 2717 suo
522 2689 615 2716 sese
638 2674 682 2718 in
705 2674 911 2718 cunabula
935 2677 1126 2719 condent.

1413 313 1467 356 73

1493 439 1536 469 30

1496 752 1538 783 35

1496 1064 1540 1094 40

1499 1378 1542 1408 45

1501 1692 1544 1723 50

1502 2006 1545 2036 55

1504 2317 1549 2348 60

1505 2629 1547 2660 65

175 2734 253 2778 Sin
275 2742 414 2778 autem
437 2737 492 2779 ad
513 2751 699 2793 pugnam
724 2737 915 2788 exierint,
941 2763 997 2769 —
1020 2754 1117 2781 nam
1142 2753 1267 2795 saepe
1292 2738 1457 2783 duobus

118 2797 285 2852 regibus
308 2798 478 2842 incessit
501 2814 655 2855 magno
679 2799 886 2842 discordia
909 2807 1026 2844 motu
1050 2827 1104 2832 —
