1820 3054
367 275 455 318 380
765 281 807 315 Ρ.
825 278 1056 316 VERGILII
1074 276 1300 315 MARONIS

323 397 343 427 5
367 384 433 426 cui
455 382 599 426 Venus
624 387 717 423 ante
741 380 861 429 alios,
886 380 988 429 divi,
1014 379 1233 432 divomque
1258 392 1417 420 sorores

420 449 583 492 cuncta,
607 455 741 495 neque
764 441 952 496 indigno,
977 439 1121 489 Musa,
1147 439 1295 480 dedere
1318 438 1439 489 bona,

365 511 529 553 cuncta,
554 502 703 556 quibus
727 502 881 557 gaudet
902 500 1065 542 Phoebi
1087 500 1236 542 chorus
1260 500 1430 555 ipseque
1453 499 1667 542 Phoebus:

420 564 575 605 doctior
598 577 622 605 o
646 562 738 616 quis
763 568 821 612 te,
845 561 991 612 Musa,
1017 561 1146 604 fuisse
1169 561 1328 617 potest?

365 641 389 668 o
413 626 504 679 quis
529 631 568 666 te
591 624 635 665 in
657 624 774 665 terris
797 623 977 678 loquitur
998 623 1213 665 iucundior
1234 622 1341 664 uno?

301 698 340 729 ιο
423 685 514 727 Clio
540 693 623 726 tam
647 690 757 727 certe
780 684 954 726 candida
976 699 1060 726 non
1082 683 1272 738 loquitur.

363 761 488 800 quare
512 746 612 787 illud
636 746 734 787 satis
759 752 839 795 est,
865 746 900 787 si
924 751 963 786 te
986 744 1186 800 permittis
1211 744 1356 794 amari3

419 822 520 858 non,
545 812 686 849 contra
708 813 753 848 ut
778 806 830 848 sit
854 821 968 848 amor
990 812 1156 848 mutuus
1180 805 1276 847 inde
1299 804 1411 846 mihi.

973 893 1099 937 XIV.

365 973 470 1026 Quis
495 974 618 1023 deus,
645 972 814 1023 Octavi,
840 980 879 1015 te
902 972 1021 1014 nobis
1046 972 1238 1014 abstulit?
1261 987 1313 1013 an
1336 985 1441 1025 quae

419 1035 559 1075 dicunt
582 1035 635 1076 ah
658 1034 783 1076 nimio
806 1034 954 1089 pocula
977 1033 1065 1074 dira
1087 1032 1225 1074 mero?

366 1095 387 1116 ¹*
411 1095 528 1137 vobis
553 1095 589 1137 si
611 1095 732 1150 culpa
754 1100 818 1136 est
839 1094 953 1145 bilis3
979 1109 1054 1135 sua
1076 1107 1279 1148 quemque
1305 1098 1530 1146 sequuntur

419 1156 524 1197 fata:
550 1157 661 1210 quod
683 1155 860 1198 inmeriti
884 1155 1037 1197 crimen
1059 1154 1211 1196 habent
1234 1154 1396 1209 cyathi?

323 1231 342 1261 5
368 1217 519 1272 scripta
542 1217 708 1271 quidem
731 1223 803 1258 tua
825 1231 900 1258 nos
925 1216 1099 1257 multum
1121 1214 1360 1257 mirabimur
1383 1220 1423 1255 et
1446 1220 1485 1255 te

419 1284 582 1333 raptum
605 1283 645 1319 et
667 1278 896 1319 Romanam
919 1276 1108 1318 flebimus
1132 1275 1363 1325 historiam3

365 1339 438 1380 sed
463 1345 507 1379 tu
529 1338 664 1380 nullus
689 1338 781 1379 eris.
805 1337 1005 1392 perversi,
1031 1337 1171 1386 dicite,
1195 1350 1350 1385 manes,

420 1399 529 1440 hunc
554 1413 768 1454 superesse
790 1398 896 1453 patri
919 1411 1025 1452 quae
1048 1397 1126 1439 fuit
1149 1397 1326 1438 invidia?

983 1485 1085 1528 XV.

366 1550 685 1588 FRAGMENTA
707 1551 779 1586 EX
802 1549 1058 1646 ΕᾶἑὸΤΠξὲ
1074 1550 1306 1645 ἵξῌὲἓῗιῌ
1322 1549 1392 1585 AD
1411 1548 1707 1586 AUGUSTUM.

889 1611 977 1636 acro
1008 1628 1015 1635 .
1058 1612 1080 1636 a
1097 1627 1106 1636 .
1144 1627 1153 1645 ,
1214 1627 1221 1635 .

420 1665 516 1720 Ego
545 1679 643 1706 vero
673 1664 907 1718 frequentes
938 1679 963 1705 a
990 1670 1031 1705 te
1060 1663 1198 1705 literas
1228 1662 1397 1718 accipio.
1434 1670 1469 1704 et
1491 1663 1623 1717 infra.-
1657 1663 1708 1704 de

365 1725 511 1767 Aenea
529 1725 695 1779 quidem
717 1739 822 1776 meo,
849 1725 896 1776 si,
921 1739 988 1766 me
1005 1724 1222 1774 Hercules,
1247 1724 1329 1766 iam
1348 1723 1518 1779 dignum
1542 1723 1707 1766 auribus

368 1785 562 1828 haberem
586 1785 685 1836 tuis,
709 1786 882 1828 libenter
904 1786 1118 1827 mitterem.
1151 1786 1224 1835 sed
1248 1791 1406 1827 tantum
1429 1785 1619 1826 inchoata
1640 1799 1706 1826 res

366 1855 446 1897 est,
483 1853 529 1888 ut
556 1861 687 1901 paene
720 1847 820 1888 vitio
849 1847 996 1888 mentis
1032 1853 1190 1888 tantum
1223 1861 1326 1901 opus
1360 1846 1572 1902 ingressus
1608 1846 1708 1887 mihi

323 1922 342 1951 5
366 1909 522 1949 videar:
548 1923 641 1949 cum
664 1908 921 1963 praesertim,
946 1913 992 1949 ut
1015 1908 1115 1958 scis,
1146 1908 1226 1950 alia
1248 1922 1410 1962 quoque
1434 1908 1569 1949 studia
1591 1907 1644 1949 ad
1666 1907 1708 1948 id

368 1984 472 2024 opus
496 1969 705 2023 multoque
728 1970 886 2024 potiora
907 1969 1126 2023 impertiar.

899 2119 1176 2171 OOPA.

368 2207 487 2263 Copa
511 2206 697 2263 Syrisca,
723 2213 846 2263 caput
869 2206 998 2250 Graia
1019 2207 1207 2249 redimita
1229 2207 1394 2256 mitella,

423 2269 603 2324 crispum
628 2268 706 2311 sub
730 2269 882 2311 crotalo
906 2269 1028 2311 docta
1049 2283 1213 2310 movere
1235 2268 1356 2318 latus,

368 2330 481 2372 ebria
504 2330 666 2372 famosa
689 2330 810 2372 saltat
831 2330 987 2372 lasciva
1010 2329 1191 2380 taberna,

423 2392 476 2433 ad
499 2391 681 2435 cubitum
704 2405 850 2433 raucos
875 2391 1085 2433 excutiens
1110 2391 1307 2433 calamos:

323 2466 343 2497 5
367 2452 466 2507 quid
487 2453 601 2494 iuvat
623 2453 780 2494 aestivo
804 2452 1014 2494 defessum
1036 2451 1204 2507 pulvere
1228 2450 1399 2493 abesse?

422 2514 521 2568 quid
543 2520 686 2569 potum
709 2514 834 2556 viduo
857 2512 1102 2555 decubuisse
1126 2512 1239 2555 toro?

368 2582 463 2616 sunt
486 2590 615 2630 cupae
639 2581 679 2617 et
702 2575 869 2625 calices,
895 2574 1048 2629 cyathi,
1072 2588 1185 2624 rosa,
1210 2572 1327 2622 tibia,
1353 2571 1538 2621 chordae,

423 2643 463 2677 et
486 2636 644 2678 trichila
665 2635 898 2678 umbriferis
922 2635 1073 2691 frigida
1095 2633 1379 2683 arundinibus3

368 2703 431 2739 est
454 2703 494 2738 et
516 2697 724 2739 Maenalio
748 2711 853 2751 quae
877 2697 1003 2752 garrit
1025 2696 1144 2738 dulce
1169 2695 1245 2738 sub
1269 2701 1384 2737 antro

305 2771 344 2801 10
422 2758 574 2800 rustica
595 2758 770 2812 pastoris
794 2758 931 2799 fistula
953 2757 995 2798 in
1019 2771 1087 2799 ore
1112 2771 1274 2799 sonans.
