1780 3074
553 291 813 330 AENEIDOS
831 293 929 328 LIB.
947 293 976 328 I.
1395 284 1448 326 97

82 399 261 455 hospitio
286 397 479 448 Teucris,
504 412 557 439 ne
580 396 656 438 fati
679 396 821 438 nescia
843 396 959 439 Dido

81 461 234 504 finibus
258 466 427 503 arceret.
452 459 566 501 volat
588 459 657 500 ille
681 473 756 514 per
779 473 876 501 aera
899 474 1099 515 magnum

81 524 254 580 remigio
279 522 456 572 alarum,
482 536 532 563 ac
554 520 720 576 Libyae
750 521 858 563 citus
882 521 1042 563 adstitit
1065 522 1161 563 oris.

81 595 122 629 et
144 587 228 628 iam
250 586 366 627 iussa
388 584 507 635 facit,
533 589 775 639 ponuntque
792 583 953 626 ferocia
981 583 1116 626 Poeni

81 648 206 691 corda
229 647 392 689 volente
417 646 515 696 deo3
539 646 583 687 in
604 646 749 701 primis
773 646 919 702 regina
943 646 1129 700 quietum

80 710 230 766 accipit
252 709 297 751 in
321 709 508 750 Teucros
532 708 717 750 animum
741 714 1006 762 mentemque
1030 708 1269 766 benignam.

134 771 196 813 At
218 771 313 826 pius
336 770 506 811 Aeneas
514 801 526 820 ‚
550 784 626 825 per
648 776 814 811 noctem
835 770 1015 825 plurima
1038 771 1224 822 volvens,

78 839 123 875 ut
146 833 326 889 primum
348 832 422 873 lux
445 832 555 873 alma
578 831 675 873 data
699 837 780 881 est,
806 831 919 874 exire
942 832 1141 887 locosque

79 895 294 950 explorare
318 908 469 943 novos,
495 908 599 947 quas
624 899 749 935 vento
773 894 996 935 accesserit
1019 909 1126 945 oras,

77 957 150 1012 qui
173 963 356 1006 teneant,
382 970 480 996 nam
503 955 658 997 inculta
680 955 813 1006 videt,
838 955 1082 998 hominesne
1113 956 1292 1007 feraene,

77 1032 274 1074 quaerere
298 1017 528 1067 constituit,
555 1017 760 1071 sociisque
785 1024 932 1060 exacta
954 1018 1123 1060 referre.

78 1081 254 1123 classem
276 1079 320 1121 in
344 1093 530 1121 convexo
554 1093 770 1121 nemorum
795 1079 873 1122 sub
897 1094 1001 1136 rupe
1025 1087 1173 1123 cavata

76 1141 292 1185 arboribus
317 1141 502 1184 clausam
526 1141 682 1183 circum
706 1147 831 1196 atque
854 1142 1118 1185 horrentibus
1143 1143 1302 1186 umbris

77 1204 246 1255 occulit;
271 1204 361 1260 ipse
385 1217 470 1246 uno
493 1203 682 1260 graditur
705 1204 926 1247 comitatus
951 1204 1130 1256 Achate,

77 1266 174 1309 bina
198 1281 326 1308 manu
348 1265 432 1308 lato
457 1266 645 1321 crispans
669 1266 837 1309 hastilia
859 1266 983 1310 ferro.

77 1329 144 1371 cui
166 1334 298 1370 mater
321 1328 459 1369 media
482 1342 575 1370 sese
599 1328 693 1370 tulit
716 1328 841 1371 obvia
865 1329 982 1380 silva,

76 1390 248 1448 virginis
273 1405 320 1432 os
345 1389 616 1444 habitumque
639 1405 788 1447 gerens
814 1397 856 1432 ct
878 1392 1052 1448 virginis
1078 1408 1205 1443 arma,

79 1451 328 1508 Spartanae,
354 1452 422 1494 vel
445 1452 580 1506 qualis
605 1467 735 1507 equos
760 1453 962 1504 Threissa
984 1454 1135 1511 fatigat

77 1515 315 1571 Harpalyce
338 1514 632 1570 volucremque
656 1515 759 1571 suga
782 1516 1056 1571 praevertitur
1080 1531 1238 1559 eurum.

77 1591 257 1632 namque
280 1577 464 1619 humeris
490 1577 542 1619 de
565 1592 681 1619 more
704 1578 887 1620 habilem
911 1579 1186 1634 suspenderat
1210 1594 1352 1621 arcum

76 1639 282 1690 venatriX,
308 1640 560 1694 dederatque
585 1654 748 1682 comam
772 1640 1004 1682 diffundere
1027 1641 1176 1691 ventis,

77 1702 189 1743 nuda
211 1716 341 1758 genu,
366 1702 560 1756 nodoque
585 1702 700 1744 sinus
726 1702 900 1744 collecta
922 1702 1102 1744 fluentis.

77 1778 127 1805 ac
148 1764 278 1819 prior,
306 1763 483 1815 „heus,“
509 1764 662 1817 inquit,
690 1763 908 1816 „iuvenes‚
933 1771 1181 1815 monstrate,
1207 1780 1392 1807 mearum

76 1826 238 1867 vidistis
264 1825 300 1867 si
324 1839 451 1879 quam
474 1825 542 1866 hic
567 1832 772 1867 errantem
796 1826 903 1868 forte
928 1838 1130 1877 sororum,

78 1887 332 1929 succinctam
354 1887 550 1942 pharetra
574 1893 615 1929 et
637 1887 875 1930 maculosae
900 1888 1083 1944 tegmine
1106 1888 1254 1943 lyncis,

77 1955 149 1991 aut
173 1949 404 2004 spumantis
430 1949 519 2004 apri
543 1963 712 1990 cursum
736 1949 915 1992 clamore
940 1952 1237 2004 prementem.“

135 2009 207 2053 Sic
230 2010 396 2061 Venus;
422 2017 462 2052 et
486 2009 663 2053 Veneris
689 2017 833 2052 contra
857 2011 917 2053 sic
941 2010 1050 2053 filius
1076 2026 1214 2053 orsus:

81 2072 219 2125 „nulla
241 2078 406 2114 tuarum
429 2072 570 2114 audita
593 2073 695 2114 mihi
718 2087 853 2127 neque
877 2073 969 2115 visa
993 2088 1193 2123 sororum,

79 2150 104 2177 o
127 2160 182 2165 —
206 2149 331 2189 quam
354 2141 395 2177 te
418 2149 664 2185 memorem,
689 2135 835 2191 virgo?
858 2150 1039 2189 namque
1062 2135 1176 2176 haud
1200 2134 1276 2176 tibi
1299 2135 1436 2177 voltus

78 2197 280 2247 mortalis,
306 2211 383 2238 nec
405 2211 490 2238 vox
511 2197 723 2239 hominem
748 2203 888 2247 sonat3
914 2212 958 2247 o,
984 2197 1063 2238 dea
1087 2203 1216 2247 certe3

79 2274 134 2301 an
155 2258 318 2300 Phoebi
343 2258 482 2300 soror?
505 2274 559 2300 an
581 2258 871 2313 Nympharum
896 2259 1111 2315 sanguinis
1136 2259 1246 2300 una?

80 2322 137 2363 sis
161 2321 282 2371 felix,
306 2327 576 2373 nostrumque
599 2320 733 2370 leves,
759 2335 1066 2374 quaecumque,
1090 2320 1290 2370 laborem,

80 2389 138 2433 et,
164 2397 246 2437 quo
271 2381 350 2423 sub
375 2381 489 2422 caelo
514 2381 699 2431 tandem,
725 2381 876 2435 quibus
902 2381 1013 2423 orbis
1037 2382 1082 2423 in
1106 2382 1188 2423 oris

79 2445 296 2494 iactemur,
323 2443 493 2492 doceas3
518 2442 652 2498 ignari
675 2442 972 2495 hominumque
995 2442 1264 2495 locorumque

82 2520 285 2555 erramus,
311 2510 436 2546 vento
460 2503 542 2545 huc
566 2503 696 2544 vastis
722 2509 762 2543 et
785 2502 979 2544 fluctibus
1005 2503 1104 2544 acti:

83 2567 212 2609 multa
234 2567 310 2609 tibi
333 2572 428 2608 ante
452 2580 545 2608 aras
570 2569 711 2606 nostra
735 2564 856 2605 cadet
878 2563 1015 2605 hostia
1038 2563 1222 2605 dextra.“

139 2628 250 2670 Tum
273 2627 439 2672 Venus:
467 2626 606 2679 „haud
630 2625 823 2679 equidem
847 2625 919 2666 tali
942 2639 1010 2667 me
1034 2625 1185 2681 dignor
1207 2625 1382 2676 honore3

85 2688 313 2745 virginibus
339 2689 479 2745 Tyriis
510 2703 602 2730 mos
628 2693 692 2730 est
714 2692 880 2743 gestare
902 2686 1139 2742 pharetram

86 2764 371 2806 purpureoque
395 2752 476 2793 alte
502 2765 619 2793 suras
643 2749 798 2791 vincire
823 2749 1036 2791 cothurno.
1121 2774 1124 2775 ν

158 2827 310 2861 remmus.
1193 2822 1214 2857 7

1474 473 1540 504 300

1474 786 1539 816 305

1473 1097 1538 1126 310

1472 1407 1537 1436 315

1471 1716 1536 1746 320

1470 2026 1536 2056 325

1471 2334 1536 2364 330

1471 2640 1536 2671 335
