1780 3074
535 304 793 343 AENEIDOS
811 304 910 340 LIB.
929 306 979 340 ΙΙ.

77 427 254 456 ascensu
277 426 445 467 supero,
471 417 596 464 atque
621 409 789 452 arrectis
814 407 984 451 auribus
1008 408 1148 451 adsto:

75 476 119 517 in
143 480 327 532 segetem
349 473 478 515 veluti
501 486 596 514 cum
619 471 786 513 flamma
808 470 1040 513 furentibus
1065 471 1216 513 austris

75 537 235 587 incidit,
261 541 333 578 aut
354 535 524 590 rapidus
549 540 744 576 montano
768 533 938 575 flumine
962 539 1120 575 torrens

78 598 222 641 sternit
244 612 387 654 agros,
415 597 561 639 sternit
584 602 674 638 sata
696 595 806 637 laeta
829 595 1040 650 boumque
1062 595 1238 646 labores,

75 659 403 715 praecipitesque
427 658 551 700 trahit
575 658 722 709 silvas;
749 663 886 713 stupet
909 657 1066 700 inscius
1090 657 1174 700 alto

77 721 284 777 accipiens
308 721 490 763 sonitum
514 720 604 762 saxi
627 720 679 761 de
703 720 858 761 vertice
880 725 1035 774 pastor.

78 790 165 824 tum
188 797 286 825 vero
309 782 531 824 manifesta
553 781 678 831 fides,
701 780 982 835 Danaumque
1005 786 1225 836 patescunt

77 844 262 887 insidiae.
287 844 371 886 iam
393 842 605 898 Deiphobi
628 842 741 884 dedit
764 842 903 898 ampla
925 842 1087 884 ruinam

77 905 265 948 Volcano
289 911 507 961 superante
531 905 699 955 domus,
723 905 808 946 iam
829 904 1046 960 proximus
1072 905 1189 947 ardet

79 967 295 1024 Ucalegon
302 984 315 1019 ;
341 966 469 1023 Sigea
490 967 579 1023 igni
602 966 709 1008 freta
730 966 816 1008 lata
837 966 1033 1015 relucent.

78 1030 258 1072 exoritur
278 1029 516 1083 clamorque
542 1029 675 1070 virum
699 1028 950 1084 clangorque
975 1028 1179 1070 tubarum.

77 1107 191 1133 arma
213 1105 356 1133 amens
380 1091 498 1146 capio
506 1107 518 1142 3
542 1105 620 1132 nee
644 1096 708 1132 sat
730 1090 903 1132 rationis
927 1090 972 1131 in
995 1090 1141 1141 armis3

77 1153 152 1196 sed
174 1153 402 1209 glomerare
425 1168 593 1195 manum
617 1152 727 1195 bello
751 1158 794 1194 et
817 1167 1060 1194 concurrere
1084 1153 1127 1194 in
1151 1167 1288 1194 arcem

77 1230 173 1256 cum
196 1215 317 1256 sociis
342 1215 486 1256 ardent
509 1214 635 1256 animi
642 1231 654 1266 3
678 1214 795 1257 furor
817 1215 960 1269 iraque
984 1221 1166 1256 mentem

76 1276 362 1331 praecipitant,
386 1276 687 1331 pulchrumque
709 1277 816 1318 mori
840 1277 1042 1318 succurrit
1064 1277 1108 1318 in
1133 1277 1270 1319 armis.

134 1337 247 1379 Ecce
271 1344 410 1379 autem
432 1338 524 1379 telis
548 1337 738 1380 Panthus
763 1338 929 1393 elapsus
953 1338 1175 1389 Achivom,

77 1398 266 1440 Panthus
293 1397 551 1454 Othryades,
578 1399 683 1441 areis
706 1399 952 1454 Phoebique
977 1401 1182 1451 sacerdos,

79 1476 196 1503 sacra
218 1476 345 1502 manu
367 1461 583 1515 victosque
606 1461 707 1502 deos
730 1476 988 1516 parvumque
1018 1468 1211 1517 nepotem

77 1523 167 1578 ipse
192 1522 332 1573 trahit,
359 1537 565 1576 cursuque
589 1538 732 1564 amens
758 1523 811 1564 ad
834 1523 977 1564 limina
1000 1524 1143 1564 tendit.

80 1598 188 1639 „quo
211 1599 277 1626 res
303 1600 464 1626 summa
486 1584 591 1634 loco,
616 1584 810 1626 Panthu?
834 1599 959 1639 quam
982 1585 1223 1640 prendimus
1243 1586 1437 1628 arcen1?“

78 1646 149 1687 vix
172 1661 222 1688 ea
244 1646 355 1689 fatus
380 1661 510 1697 eram,
535 1646 693 1702 gemitu
717 1661 812 1688 cum
836 1647 934 1688 talia
956 1647 1110 1688 reddit.

80 1708 218 1760 „venit
243 1724 406 1750 summa
429 1709 518 1750 dies
542 1714 584 1750 et
606 1708 870 1750 ineluctabile
894 1715 1058 1764 tempus

77 1770 328 1812 Dardaniae.
354 1770 510 1812 fuimus
536 1770 686 1820 Troes,
711 1769 791 1811 fuit
813 1770 938 1811 Ilium
963 1777 1005 1812 et
1026 1770 1175 1826 ingens

78 1832 210 1889 gloria
233 1833 506 1884 Teucrorum3
531 1832 644 1874 ferus
669 1832 807 1874 omnia
829 1832 1017 1887 Iuppiter
1038 1831 1181 1888 Argos

79 1894 303 1946 transtulit3
327 1895 497 1937 incensa
517 1894 659 1936 Danai
682 1894 947 1936 dominantur
968 1894 1012 1935 in
1035 1894 1150 1937 urbe.

78 1956 231 1998 arduus
255 1962 434 1999 armatos
458 1956 604 1998 mediis
628 1956 672 1997 in
694 1955 912 1998 moenibus
938 1956 1108 1998 adstans

78 2017 216 2059 fundit
239 2032 389 2072 equus,
413 2018 626 2071 xictorque
652 2015 784 2060 Sinon
806 2018 997 2059 incendia
1019 2018 1166 2060 miscet

78 2079 294 2122 insultans.
318 2080 446 2136 portis
470 2079 540 2121 alii
564 2079 843 2135 bipatentibus
868 2079 1032 2130 adsunt,

79 2141 192 2182 milia
214 2147 316 2196 quot
336 2142 499 2198 magnis
522 2156 720 2196 umquam
744 2157 895 2184 venere
917 2141 1130 2198 Mycenis3

80 2201 279 2244 obsedere
302 2203 372 2244 alii
394 2203 486 2244 telis
510 2210 690 2258 angusta
711 2203 873 2245 viarum

81 2263 279 2317 oppositis
286 2279 298 2314 3
323 2269 405 2304 stat
427 2263 525 2304 ferri
547 2264 657 2305 acies
681 2279 877 2307 mucrone
901 2279 1075 2307 corusco

83 2323 240 2374 stricta,
264 2330 408 2379 parata
429 2325 540 2375 neei3
563 2325 636 2366 vix
657 2325 781 2380 primi
802 2327 959 2382 proelia
982 2331 1183 2381 temptant

81 2390 292 2440 portarum
314 2385 482 2440 vigiles,
507 2391 548 2426 et
571 2400 694 2428 caeco
716 2386 855 2428 Marte
878 2388 1115 2429 resistunt.“

83 2446 234 2489 talibus
259 2445 501 2502 Othryadae
525 2447 645 2489 dictis
669 2453 711 2489 et
732 2448 900 2489 numine
924 2449 1064 2490 divom

82 2509 126 2550 in
147 2509 336 2550 flammas
361 2515 402 2550 et
423 2509 467 2549 in
491 2523 606 2550 arma
627 2508 756 2558 feror,
781 2523 864 2563 quo
889 2509 1016 2551 tristis
1040 2509 1209 2564 Erinys,

83 2584 166 2623 quo
188 2570 377 2612 fremitus
401 2575 523 2612 vocat
546 2575 588 2611 et
611 2569 798 2612 sublatus
822 2570 877 2611 ad
899 2570 1068 2612 aethera
1091 2570 1256 2612 clamor.

85 2631 240 2672 addunt
264 2646 309 2673 se
333 2631 466 2673 socios
490 2631 679 2686 Ripheus
704 2637 746 2672 et
767 2631 973 2673 maximus
998 2632 1122 2673 armis

84 2692 267 2748 Epytus,
293 2692 419 2735 oblati
442 2708 517 2748 per
538 2693 697 2743 lunam,
723 2693 998 2748 Hypanisque
1021 2693 1279 2747 Dymasque,

85 2759 125 2795 et
147 2753 262 2796 lateri
286 2755 568 2810 adglomerant
592 2760 751 2806 nostro,
776 2755 1019 2809 iuvenisque
1045 2754 1272 2804 Coroebus,

1298 294 1302 298 ’
1356 297 1436 338 117

1465 608 1530 639 305

1466 918 1531 949 310

1465 1229 1529 1258 315

1464 1539 1530 1569 320

1465 1846 1530 1876 325

1466 2154 1531 2185 330

1465 2459 1529 2490 335

1465 2768 1529 2798 340
