1780 3074
497 294 797 331 GEORGICON
816 293 915 329 LIB.
936 294 966 328 Ι.

50 418 190 453 arcus,
216 409 257 443 et
280 416 303 443 e
326 407 451 456 pastu
473 399 678 442 decedens
702 398 869 454 agmine
892 413 1044 454 magno

51 479 266 508 corvorum
290 462 491 518 increpuit
515 461 655 503 densis
680 460 884 502 exercitus
908 460 998 502 alis.

49 529 132 570 iam
155 526 291 569 varias
315 525 452 582 pelagi
476 524 664 566 volucres
690 530 730 565 et
753 537 861 577 quae
883 523 992 564 Asia
1015 523 1169 564 circum

50 589 239 632 dulcibus
263 588 307 629 in
331 587 490 644 stagnis
514 587 716 628 rimantur
737 591 856 641 prata
880 584 1060 640 Caystri,

50 651 235 694 certatim
259 650 398 707 largos
423 649 605 691 humeris
628 648 848 690 infundere
870 662 997 698 rores,

49 728 159 756 nunc
183 719 307 768 caput
329 712 535 754 obiectare
558 710 693 760 fretis,
719 724 830 751 nunc
854 724 1015 751 currere
1039 710 1083 751 in
1109 711 1254 761 undas,

50 783 92 818 et
115 775 251 818 studio
274 775 485 816 incassum
507 773 651 814 videas
675 771 828 828 gestire
852 771 1031 813 lavandi.

50 846 139 880 tum
162 837 303 879 cornix
326 835 449 891 plena
471 834 656 890 pluviam
678 839 802 875 vocat
823 833 999 889 inproba
1022 849 1125 876 voce

51 906 91 941 et
115 899 203 941 sola
225 898 268 940 in
292 898 403 940 sicca
427 911 569 939 secum
593 896 794 952 spatiatur
816 910 953 937 arena.

49 976 102 1003 ne
126 967 327 1003 nocturna
348 959 517 1014 quidem
540 964 756 1014 carpentes
779 972 912 1013 pensa
933 957 1096 1014 puellae

50 1023 261 1065 nescivere
285 1022 482 1072 hiemem,
508 1027 614 1063 testa
638 1035 733 1062 cum
757 1020 927 1062 ardente
950 1020 1139 1062 viderent

51 1085 272 1128 scintillare
296 1084 434 1127 oleum
457 1090 499 1126 et
520 1083 652 1139 putris
677 1097 943 1125 concrescere
967 1082 1133 1139 fungos.

105 1147 194 1190 Nec
218 1147 354 1189 minus
379 1161 432 1188 ex
454 1146 576 1188 imbri
601 1145 708 1188 soles
734 1151 776 1187 et
798 1151 940 1200 aperta
964 1159 1110 1186 serena

50 1209 284 1266 prospicere
309 1215 350 1251 et
373 1209 495 1251 certis
518 1209 672 1264 poteris
697 1221 949 1264 cognoscere
974 1207 1124 1263 signis:

50 1288 148 1314 nam
170 1286 305 1326 neque
329 1277 417 1313 tum
441 1271 570 1313 stellis
595 1271 705 1313 acies
729 1270 909 1312 obtunsa
931 1269 1106 1318 videtur,

50 1349 128 1376 nec
151 1334 289 1376 fiatris
313 1333 439 1376 radiis
463 1332 644 1376 obnoxia
667 1347 837 1389 surgere
862 1331 976 1380 luna,

51 1396 192 1438 tenuia
214 1410 292 1438 nec
313 1395 433 1437 lanae
456 1410 532 1451 per
555 1395 718 1437 caelum
740 1394 895 1436 vellera
917 1394 1016 1436 ferri
1023 1410 1035 1445 3

50 1474 134 1501 non
156 1459 342 1515 tepidum
366 1457 420 1499 ad
444 1457 574 1499 solem
596 1471 755 1513 pennas
778 1456 822 1498 in
844 1456 962 1498 litore
985 1457 1174 1511 pandunt

51 1521 224 1563 dilectae
249 1519 418 1562 Thetidi
440 1519 654 1575 alcyones,
678 1533 762 1561 non
786 1533 856 1560 ore
881 1518 1037 1560 solutos
1106 1556 1109 1560 .

50 1583 239 1625 inmundi
261 1581 485 1624 meminere
510 1596 606 1624 sues
630 1581 783 1623 iactare
806 1581 1023 1637 maniplos.

52 1652 95 1687 at
117 1645 293 1688 nebulae
317 1645 452 1702 magis
476 1644 562 1687 ima
583 1650 729 1700 petunt
753 1658 984 1699 campoque
1008 1645 1266 1695 recumbunt,

53 1708 152 1751 solis
177 1714 218 1750 et
241 1722 436 1750 occasum
461 1722 630 1749 servans
655 1707 708 1749 de
732 1707 911 1749 culmine
936 1709 1099 1748 summo

52 1770 304 1825 nequiquam
328 1784 443 1812 seros
468 1775 632 1811 exercet
655 1775 807 1812 noctua
830 1775 989 1810 cantus.

52 1833 224 1888 adparet
245 1831 403 1886 liquido
427 1831 616 1874 sublimis
639 1831 683 1872 in
706 1831 871 1873 aethere
894 1830 1036 1881 Nisus,

53 1903 95 1938 et
116 1909 192 1951 pro
215 1908 424 1950 purpureo
446 1908 604 1949 poenas
628 1894 701 1935 dat
725 1892 868 1949 Scylla
891 1893 1060 1949 capil103

52 1972 299 2013 quacunque
322 1957 392 1998 illa
413 1956 548 1998 levem
572 1956 739 2013 fugiens
764 1961 878 1998 secat
900 1956 1069 1998 aethera
1090 1957 1253 2012 pennis,

54 2035 150 2062 ecce
172 2019 382 2069 inimicus,
407 2025 544 2070 atrox,
569 2033 722 2075 magno
747 2018 920 2061 stridore
942 2032 1018 2073 per
1040 2033 1163 2061 auras

53 2081 285 2136 insequitur
305 2080 454 2132 Nisus3
478 2095 562 2136 qua
586 2096 632 2123 se
654 2080 736 2123 fert
757 2080 886 2123 Nisus
910 2081 965 2122 ad
987 2096 1123 2130 auras,

54 2144 124 2186 illa
146 2144 282 2186 levem
304 2142 471 2200 fugiens
493 2143 645 2199 raptim
670 2149 784 2186 secat
806 2142 974 2185 aethera
995 2144 1157 2199 pennis.

55 2213 144 2248 tum
166 2205 344 2260 liquidas
369 2205 484 2248 corvi
505 2221 651 2262 presso
675 2213 739 2248 ter
760 2208 928 2263 gutture
951 2220 1077 2248 voces

56 2274 128 2310 aut
150 2274 296 2322 quater
317 2268 576 2324 ingeminant
599 2275 641 2311 et
664 2283 789 2324 saepe
813 2268 1021 2311 cubilibus
1046 2269 1153 2319 altis,

56 2330 197 2372 nescio
221 2344 304 2384 qua
325 2336 488 2385 praeter
510 2330 678 2373 solitum
701 2331 919 2373 dulcedine
940 2331 1051 2381 laeti,

56 2392 163 2433 inter
186 2405 231 2433 se
254 2391 298 2432 in
320 2391 431 2433 foliis
456 2392 689 2447 strepitant:
713 2393 829 2435 iuvat
850 2393 1052 2435 imbribus
1077 2394 1179 2435 actis

57 2453 298 2510 progeniem
321 2467 493 2508 parvam
516 2453 732 2509 dulcisque
754 2455 934 2496 revisere
957 2455 1098 2505 nidos3

58 2515 171 2557 haud
194 2515 387 2569 equidem
411 2515 552 2566 credo,
578 2516 676 2570 quia
700 2516 754 2558 sit
776 2516 973 2558 divinitus
996 2516 1078 2558 illis

59 2577 273 2634 ingenium
296 2584 368 2619 aut
390 2592 529 2619 rerum
552 2577 639 2620 fato
662 2578 882 2634 prudentia
904 2578 1053 2620 maior:

61 2654 204 2681 verum
226 2638 300 2682 ubi
322 2646 548 2695 tempestas
573 2647 614 2682 et
638 2640 741 2682 caeli
764 2640 929 2682 mobilis
952 2640 1102 2683 humor

61 2708 272 2743 mutavere
295 2701 385 2744 vias
410 2708 451 2744 et
472 2702 661 2758 Iuppiter
683 2702 835 2744 uvidus
860 2703 1010 2745 austris

63 2763 226 2814 denset,
252 2773 368 2805 erant
391 2779 498 2818 quae
521 2780 614 2807 rara
636 2765 780 2817 modo,
806 2770 865 2815 et,
891 2779 999 2819 quae
1022 2766 1169 2816 densa,
1195 2765 1364 2814 relaxat,

1357 284 1413 325 39

1440 663 1506 694 385

1443 975 1508 1005 390

1443 1286 1508 1316 3912

1444 1598 1510 1628 400

1445 1911 1511 1942 405

1447 2222 1513 2252 410

1448 2532 1513 2563 415
