1800 3080
620 293 766 332 COPA.
791 293 1060 332 MORETUM.

156 409 221 446 est
244 408 285 445 et
308 416 463 458 vappa,
489 399 594 443 cado
618 414 752 456 nuper
775 399 928 442 diffusa
950 399 1102 455 picato,

213 470 276 507 est
299 463 506 520 crepitans
530 476 657 505 rauco
680 477 892 504 murmure
914 461 1030 504 rivus
1053 474 1200 517 aquae.

159 533 256 570 sunt
280 532 322 568 et
347 525 551 581 Cecropio
575 525 738 567 vinctae
763 524 815 567 de
839 524 940 567 flore
964 538 1155 575 coronae,

213 595 404 643 sertaque
426 602 635 644 purpurea
657 587 770 629 lutea
792 587 923 629 mixta.
945 601 1054 629 rosa.

156 657 252 693 sunt
276 657 317 692 et
340 650 528 707 virgineo
551 649 680 692 libata
702 647 903 691 Achelois
928 648 982 691 ab
1006 663 1128 691 amne

199 712 285 754 lilia
309 727 416 767 quae
440 712 573 754 niveis
599 711 735 753 attulit
758 711 802 753 in
826 710 1013 754 calathis.

155 780 253 816 sunt
277 781 318 817 et
342 774 514 825 caseoli,
539 788 645 828 quos
671 774 809 830 sirpea
831 773 979 815 fiscina
1002 772 1143 824 siccat,

214 842 311 878 sunt
334 836 585 879 autumnalis
610 850 730 878 cerea
752 850 887 892 pruna
910 835 1025 886 deae,

156 905 460 953 castaneasque
483 913 611 941 nuces
638 904 680 941 et
703 913 832 941 suave
855 897 1048 940 rubentia
1071 898 1201 949 mala3

215 968 278 1003 est
302 961 370 1003 hic
394 962 551 1003 munda
576 960 726 1012 Ceres,
752 967 817 1004 est
838 960 993 1012 Amor,
1019 967 1083 1003 est
1105 961 1315 1004 Bromius.

157 1030 254 1066 sunt
279 1029 320 1066 et
343 1038 460 1066 mora
484 1030 655 1065 cruenta
678 1029 720 1066 et
742 1023 865 1066 lentis
889 1039 974 1066 uva
995 1023 1172 1067 racemis

211 1091 252 1127 et
275 1085 462 1141 pendens
487 1084 611 1127 iunco
635 1085 851 1127 caeruleus
876 1085 1076 1128 cucumis.

154 1154 218 1191 cst
242 1148 383 1206 tuguri
406 1154 566 1199 custos,
592 1154 776 1191 armatus
800 1147 908 1191 falce
934 1147 1109 1205 saligna,

212 1211 287 1254 sed
309 1218 429 1253 vasto
453 1226 539 1253 non
561 1217 626 1253 est
648 1211 820 1268 inguine
844 1210 1053 1254 terribilis.

153 1273 237 1316 huc
262 1273 458 1329 Calybita
479 1273 594 1315 veni:
619 1273 759 1316 fessus
783 1274 867 1316 iam
893 1273 1017 1316 sudat
1039 1272 1215 1324 asellus3

210 1350 334 1392 parce
357 1335 435 1380 illi:
459 1342 647 1378 nostrum
671 1335 867 1378 delicium
890 1341 955 1378 est
978 1335 1135 1378 asinus.

154 1412 264 1440 nunc
290 1404 415 1440 cantu
439 1397 584 1440 crebro
607 1403 807 1454 rumpunt
829 1397 1001 1440 arbusta
1025 1397 1207 1449 cicadae,

211 1474 322 1501 nunc
347 1459 473 1502 etiam
495 1459 540 1502 in
562 1459 703 1516 gelida
726 1474 826 1516 sepe
850 1459 1007 1502 lacerta
1029 1459 1143 1502 latet.

155 1522 190 1564 si
215 1522 348 1578 sapis,
375 1522 533 1564 aestivo
557 1521 762 1564 recubans
787 1528 828 1564 te
851 1522 998 1578 prolue
1020 1521 1141 1573 vitro,

212 1599 286 1626 seu
310 1584 374 1626 vis
399 1584 593 1640 crystallo
618 1584 726 1626 ferre
749 1599 882 1626 novos
908 1583 1072 1626 calices.

154 1646 249 1688 heia
273 1661 351 1703 age
375 1647 598 1702 pampinea
621 1646 761 1689 fessus
785 1646 999 1701 requiesce
1024 1645 1103 1688 sub
1127 1645 1289 1697 umbra,

212 1715 252 1751 et
277 1709 499 1765 gravidum
523 1723 644 1751 roseo
668 1715 788 1751 necte
812 1714 939 1765 caput
963 1708 1162 1764 strophio,

154 1770 365 1813 formosus
390 1777 555 1813 tenerae
579 1771 806 1827 decerpens
832 1785 905 1813 ora
926 1771 1104 1827 puellae.

211 1833 266 1874 ah
290 1839 452 1888 pereat,
478 1833 546 1875 cui
570 1839 668 1876 sunt
689 1833 829 1889 prisca
853 1832 1092 1889 supercilia!

155 1897 256 1952 quid
280 1897 407 1939 cineri
430 1897 595 1953 ingrato
621 1912 763 1939 servas
787 1896 894 1939 bene
919 1896 1073 1939 olentia
1097 1895 1232 1939 serta?

212 1973 318 2001 anne
344 1965 538 2001 coronato
562 1959 626 2001 vis
649 1959 789 2016 lapide
812 1959 894 2001 ista
917 1959 1028 2015 tegi?

154 2035 263 2078 pone
286 2035 447 2063 merum
471 2027 512 2063 et
536 2020 661 2063 talos!
685 2027 847 2077 pereat,
872 2021 944 2076 qui
969 2021 1150 2063 crastina
1174 2019 1311 2063 curat!

211 2098 323 2126 mors
348 2098 490 2126 aurem
515 2083 672 2126 vellens
699 2083 879 2136 „vivite“
906 2084 964 2127 ait
990 2083 1180 2136 ,‚venio.“

573 2282 1119 2361 MORETUMz

213 2394 305 2436 lam
330 2409 412 2436 nox
436 2393 631 2436 hibernas
655 2394 721 2436 bis
746 2395 930 2449 quinque
953 2399 1171 2451 peregerat
1194 2394 1332 2445 horas,

157 2455 454 2510 excubitorque
480 2456 590 2498 diem
615 2462 740 2498 cantu
763 2457 1025 2512 praedixerat
1049 2456 1149 2507 ales,

160 2517 347 2561 Simulus
373 2518 514 2574 exigui
539 2518 671 2560 cultor
695 2533 790 2560 cum
813 2519 993 2561 rusticus
1018 2519 1122 2575 agri,

157 2580 290 2622 tristia
313 2587 512 2622 venturae
534 2587 724 2623 metuens
748 2580 902 2622 ieiunia
924 2580 1043 2631 lucis,

157 2641 345 2684 membra
367 2642 479 2685 levat
501 2643 575 2685 vili
599 2643 754 2685 sensim
778 2642 952 2686 dimissa
974 2642 1161 2699 grabato,

159 2704 415 2759 sollicitaque
439 2720 567 2767 manu
590 2704 780 2748 tenebras
806 2705 994 2762 explorat
1016 2705 1183 2756 inertes,

158 2767 419 2822 vestigatque
443 2766 603 2818 focum,
627 2767 766 2809 laesus
791 2782 915 2822 quem
941 2768 1119 2822 denique
1145 2768 1280 2810 sentit.

159 2828 356 2882 parvulus
382 2835 529 2871 exusto
553 2829 794 2872 remanebat
818 2829 956 2885 stipite
980 2829 1121 2872 fumus

1439 284 1520 329 381

1554 663 1595 694 15

1552 975 1597 1006 20

1555 1286 1597 1317 25

1555 1597 1598 1628 30

1553 1910 1596 1941 35
