1780 3074
588 289 845 328 AENEIDOS
864 289 961 324 LIB.
979 289 1024 326 V.
1246 307 1252 310 -
1406 278 1483 318 171

130 397 350 441 considunt
374 395 581 445 transtris,
606 394 844 447 intentaque
868 391 1038 434 brachia
1059 391 1203 441 remis3

129 459 274 501 intenti
298 463 539 513 exspectant
563 456 748 512 signum,
774 453 1103 507 exsultantiaque
1127 451 1263 494 haurit

130 522 254 563 corda
276 534 406 576 pavor
428 518 599 574 pulsans
623 517 876 570 laudumque
899 521 1057 557 arrecta
1081 514 1243 570 cupido.

128 583 241 633 inde,
268 581 340 623 ubi
363 581 473 623 clara
495 579 609 621 dedit
632 579 813 621 sonitum
836 576 954 627 tuba,
979 576 1131 618 finibus
1156 590 1311 624 omnes,

127 645 240 686 haud
263 658 396 692 mora,
421 641 647 698 prosiluere
672 640 779 690 suis3
803 638 898 680 ferit
921 637 1088 680 aethera
1111 638 1264 679 clamor
1517 649 1580 679 140

128 706 337 755 nauticus,
363 704 550 746 adductis
576 707 770 758 spumant
791 701 899 743 freta
921 715 1042 742 versa
1063 700 1240 742 lacertis.

129 767 335 810 infindunt
357 766 510 822 pariter
533 764 691 814 sulcos,
716 768 931 816 totumque
954 762 1129 804 dehiscit
1203 769 1206 771 ’

131 829 375 872 convolsum
396 826 521 868 remis
545 825 772 878 rostrisque
795 823 1041 866 tridentibus
1067 837 1233 876 aequor.

130 906 214 933 non
237 897 321 932 tam
343 887 588 945 praecipites
612 886 756 942 biiugo
780 885 1001 927 certamine
1026 899 1219 939 campum

131 952 363 1008 corripuere
385 956 591 1003 ruuntque
616 948 739 990 effusi
763 961 926 989 carcere
950 950 1107 996 cus-rus,
1519 958 1581 987 145

130 1028 208 1056 nec
233 1014 294 1055 sic
315 1011 498 1054 inmissis
523 1010 692 1066 aurigae
716 1009 915 1051 undantia
937 1008 1027 1050 lora

131 1089 374 1118 concussere
397 1073 507 1129 iugis
530 1072 732 1128 pronique
755 1071 798 1112 in
821 1070 994 1112 verbera
1016 1070 1211 1126 pendent.
1283 1100 1287 1104 .

129 1143 219 1178 tum
241 1136 392 1192 plausu
414 1134 663 1188 fremituque
686 1133 821 1175 virum
845 1133 1075 1186 studiisque
1105 1132 1319 1174 faventum

130 1203 329 1240 consonat
351 1211 473 1239 omne
496 1211 661 1246 nemus,
687 1209 915 1249 vocemque
938 1195 1100 1237 inclusa
1123 1195 1311 1237 volutant

130 1260 267 1310 litora,
291 1259 446 1314 pulsati
468 1258 596 1300 colles
621 1258 800 1300 clamore
822 1257 1036 1299 resultant.
1518 1267 1582 1297 1:30

132 1321 277 1377 effugit
301 1326 395 1362 ante
419 1320 521 1362 alios
544 1320 771 1375 primisque
795 1319 971 1361 elabitur
993 1319 1116 1361 undis

131 1382 295 1424 turbam
317 1382 424 1423 inter
447 1381 737 1435 fremitumque
763 1379 901 1435 Gyas3
925 1395 1050 1434 quem
1074 1381 1223 1422 deinde
1249 1379 1480 1422 Cloanthus

132 1443 414 1497 consequitur,
438 1442 584 1484 melior
605 1442 750 1492 remis,
777 1442 852 1483 sed
874 1442 1056 1496 pondere
1079 1442 1204 1497 pinus

132 1506 249 1547 tarda
273 1511 396 1546 tenet.
421 1510 518 1560 post
540 1503 617 1546 hos
642 1518 774 1558 aequo
799 1503 1037 1545 discrimine
1060 1503 1211 1545 Pristis

134 1567 450 1620 Centaurusque
473 1565 612 1607 locum
636 1566 811 1607 tendunt
835 1579 1030 1620 superare
1051 1565 1230 1620 priorem
1237 1581 1249 1616 ;
1521 1577 1584 1607 155

131 1634 174 1670 et
196 1642 306 1669 nunc
329 1627 478 1670 Pristis
503 1627 647 1678 habet,
671 1641 783 1669 nunc
804 1626 959 1669 victam
980 1626 1175 1682 praeterit
1197 1627 1345 1682 ingens

135 1687 390 1739 Centaurus,
415 1703 527 1730 nunc
550 1704 635 1730 una
658 1688 806 1731 ambae
828 1688 1062 1743 iunctisque
1085 1688 1274 1730 feruntur

130 1750 335 1793 frontibus
360 1757 401 1792 et
423 1750 550 1807 longa
574 1751 735 1793 sulcant
758 1751 866 1792 vada
890 1750 1001 1792 salsa
1025 1750 1175 1792 carina.

132 1812 296 1866 iamque
319 1812 652 1867 propinquabant
675 1812 848 1868 scopulo
871 1819 1108 1866 metamque
1133 1811 1340 1861 tenebant,

135 1888 229 1914 cum
252 1873 442 1929 princeps
468 1875 686 1928 medioque
711 1873 828 1930 Gyas
852 1874 896 1915 in
919 1875 1084 1931 gurgite
1109 1874 1241 1916 victor
1522 1886 1584 1916 160

134 1942 334 1977 rectorem
357 1936 474 1978 navis
500 1936 705 1991 conpellat
727 1951 830 1978 voce
853 1936 1098 1978 Menoeten:

137 2011 244 2051 „quo
269 2003 428 2038 tantum
451 1997 552 2039 mihi
575 1998 720 2040 dexter
743 1998 858 2040 abis?
881 1998 963 2040 huc
987 1998 1118 2054 dirige
1141 2012 1351 2054 gressum3

135 2058 230 2100 litus
255 2074 367 2109 ama,
392 2066 433 2101 et
455 2059 594 2102 laevas
621 2060 796 2116 stringat
820 2060 908 2102 sine
931 2060 1116 2115 palmula
1139 2066 1301 2109 cautes3

136 2119 264 2162 altum
288 2120 358 2162 alii
380 2124 584 2163 teneant.“
610 2122 731 2172 dixit3
758 2122 832 2164 sed
856 2137 980 2164 caeca
1002 2121 1222 2164 Menoetes

138 2197 239 2223 saxa
261 2182 409 2224 timens
432 2198 597 2238 proram
619 2184 758 2239 pelagi
781 2184 997 2238 detorquet
1021 2184 1075 2225 ad
1097 2183 1244 2224 undas.
1523 2194 1585 2223 165

140 2243 459 2296 „quo‘diversus
485 2243 633 2285 abis?“
659 2244 824 2286 iterum:
848 2251 967 2299 „pete
993 2260 1112 2294 saxa,
1136 2242 1385 2285 Μο11001οῘ·’6

140 2317 234 2344 cum
258 2303 435 2344 clamore
461 2302 578 2359 Gyas
601 2305 841 2355 revocabat,
868 2311 909 2347 et
932 2319 1029 2347 ecce
1055 2304 1308 2348 Cloanthum

139 2363 306 2418 respicit
328 2364 549 2406 instantem
572 2371 688 2420 tergo
712 2372 754 2407 et
775 2367 969 2421 propiora
992 2372 1212 2408 tenentem.

140 2424 208 2466 ille
231 2424 338 2466 inter
359 2439 590 2479 navemque
615 2425 735 2481 Gyae
760 2427 1034 2482 scopulosque
1058 2427 1242 2469 sonantis

140 2485 247 2527 radit
269 2486 347 2527 iter
368 2485 533 2527 laevum
556 2486 742 2537 interior,
769 2487 986 2542 subitoque
1009 2488 1187 2543 priorem
1526 2500 1587 2529 170

141 2546 333 2602 praeterit
357 2553 397 2588 et
420 2547 540 2589 metis
565 2553 677 2589 tenet
700 2562 879 2602 aequora
902 2554 991 2590 tuta
1013 2548 1179 2590 relictis.

143 2614 230 2648 tum
254 2622 352 2650 vero
376 2608 528 2650 exarsit
551 2609 691 2650 iuveni
714 2609 831 2652 dolor
854 2609 1019 2653 ossibus
1042 2610 1202 2665 ingens,

143 2682 219 2710 nec
241 2669 420 2711 lacrimis
446 2684 612 2712 caruere
635 2685 785 2727 genae,
812 2685 1065 2727 segnemque
1088 2670 1324 2720 Menoeten,

144 2729 294 2773 oblitus
319 2731 560 2786 decorisque
585 2732 649 2774 sui
674 2732 912 2786 sociumque
937 2733 1094 2783 salutis,
