1780 3074
560 291 818 333 AENEJDOS
837 291 923 327 LIB
954 292 1000 328 V.

157 402 242 443 Hie
264 400 443 456 primum
470 398 653 440 Fortuna
675 396 799 438 fidem
825 400 981 436 mutata
1006 394 1184 436 novavit.

101 466 201 506 dum
224 462 348 504 variis
374 460 532 502 tumulo
556 458 741 502 referunt
765 457 982 500 sollemnia
1003 457 1127 507 ludis,

100 525 201 566 Irim
225 525 277 565 de
302 523 416 565 caelo
441 522 555 564 misit
580 520 777 564 Saturnia
800 520 907 561 Iuno

101 587 270 628 Iliacam
295 586 349 627 ad
373 585 568 634 classem,
594 589 823 637 ventosque
847 582 1031 637 adspirat
1055 582 1179 631 eunti,

100 648 230 690 multa
252 662 444 697 movens,
469 646 648 688 necdum
672 645 887 699 antiquum
913 649 1096 686 saturata
1119 643 1313 684 dolorem.

100 710 188 760 illa,
214 709 325 751 viam
349 708 533 750 celerans
557 722 633 763 per
655 706 768 748 mille
792 705 1000 748 coloribus
1025 720 1179 755 areum,

100 772 203 813 nulli
226 771 317 812 xisa
340 771 420 812 cito
445 769 624 811 decurrit
646 768 809 810 tramite
832 767 964 823 virgo.

101 833 302 889 conspicit
324 832 536 888 ingentem
561 845 810 872 concursum
834 835 875 871 et
898 829 1019 871 litora
1042 829 1202 879 lustrat,

102 896 369 948 desertosque
393 893 506 934 videt
528 898 673 948 portus
697 891 958 945 classemque
982 891 1180 932 relictam.

102 963 144 998 at
166 955 309 1012 procul
332 955 377 997 in
401 954 490 997 sola
514 960 697 996 secretae
722 953 909 995 Troades
935 959 1028 995 acta

102 1019 302 1059 amissum
324 1015 542 1058 Anchisen
565 1015 738 1066 flebant,
765 1021 1020 1068 cunctaeque
1044 1014 1298 1070 profundum

101 1086 273 1135 pontum
298 1078 594 1134 adspectabant
619 1077 778 1119 flentes.
804 1077 884 1118 heu
910 1082 970 1118 tot
994 1077 1102 1118 vada
1125 1076 1248 1118 fessis

102 1148 142 1183 et
166 1148 324 1183 tantum
350 1155 568 1196 superesse
592 1138 738 1181 marisl
763 1153 847 1181 vox
871 1138 1064 1180 omnibus
1090 1154 1184 1180 una.

101 1203 246 1244 urbem
271 1209 405 1253 orant3
430 1202 567 1244 taedet
589 1200 730 1257 pelagi
752 1201 935 1256 perferre
959 1200 1157 1242 laborem.

103 1280 201 1320 ergo
225 1264 332 1305 inter
354 1264 512 1305 medias
538 1277 631 1307 sese
654 1263 767 1305 haud
790 1263 937 1319 ignara
960 1263 1137 1304 nocendi
1177 1305 1184 1312 ,

103 1326 253 1368 conicit
276 1332 318 1367 et
342 1325 572 1379 faciemque
598 1325 700 1366 deae
723 1330 966 1379 vestemque
989 1325 1168 1380 reponit3

103 1388 149 1429 fit
172 1387 325 1437 Beroe,
352 1387 509 1428 Tmarii
533 1387 712 1429 coniunx
735 1386 941 1442 longaeva
964 1386 1152 1442 Dorycli,

103 1450 170 1491 cui
194 1464 328 1505 genus
353 1454 394 1491 et
417 1449 628 1503 quondam
651 1463 804 1490 nomen
827 1449 995 1502 natique
1021 1448 1210 1498 fuissent,

103 1526 152 1553 ae
177 1511 237 1553 sic
259 1511 552 1552 Dardanidum
575 1510 754 1552 mediam
781 1524 825 1551 se
849 1509 1050 1552 matribus
1075 1510 1216 1553 infert:

107 1588 156 1625 „0
180 1574 373 1623 miserae,
398 1588 502 1627 quas
526 1588 611 1615 non
634 1575 814 1614 manus“
841 1572 974 1627 inquit
1000 1571 1214 1624 „Achaica
1238 1572 1346 1614 bello

104 1636 273 1677 traxerit
297 1636 350 1677 ad
373 1635 502 1677 letum
525 1635 683 1691 patriae
708 1634 786 1677 sub
811 1633 1049 1676 moenibus!
1075 1649 1100 1676 o
1123 1649 1228 1690 gens

103 1696 360 1747 infelix,.eui
383 1702 424 1738 te
448 1697 574 1738 exitio
598 1697 783 1739 Fortuna
805 1697 1016 1738 reservat?

106 1759 280 1814 septima
302 1765 398 1814 post
422 1758 573 1800 Troiae
597 1759 804 1800 excidium
827 1759 911 1800 iam
935 1759 1107 1800 vertitur
1130 1764 1279 1808 aestas,

106 1835 201 1861 eum
226 1820 349 1870 freta,
375 1834 471 1861 cum
495 1827 624 1862 terras
650 1820 802 1870 omnis,
829 1826 889 1862 tot
911 1820 1121 1876 inhospita
1145 1835 1248 1861 saxa

106 1882 323 1935 sideraque
348 1896 541 1924 emensae
565 1881 754 1932 ferimur,
780 1882 879 1923 dum
902 1897 978 1937 per
1000 1896 1113 1923 mare
1138 1896 1336 1938 magnum

106 1943 268 1984 Italiam
295 1944 506 1998 sequimur
527 1943 758 1999 fugientem
783 1949 823 1985 et
846 1944 1053 1985 volvimur
1075 1944 1212 1985 undis.

106 2004 173 2046 hic
195 2004 344 2060 Erycis
369 2005 472 2047 fines
498 2005 667 2048 fraterni
691 2011 814 2060 atque
838 2006 992 2061 hospes
1017 2005 1215 2047 Acestes:

107 2066 198 2120 quis
222 2066 412 2122 prohibet
437 2082 576 2110 muros
601 2068 734 2109 iacere
759 2074 799 2109 et
823 2068 922 2110 dare
947 2067 1108 2110 civibus
1133 2067 1305 2109 urbem?

107 2141 131 2168 ο
154 2128 286 2182 patria
310 2134 351 2169 et
372 2129 478 2183 rapti
502 2129 755 2183 nequiquam
780 2144 832 2171 ex
856 2129 975 2171 hoste
999 2129 1195 2180 Penates,

107 2188 271 2229 nullane
294 2189 378 2230 iam
402 2189 552 2231 Troiae
576 2191 764 2232 dicentur
787 2191 976 2233 moenia?
999 2206 1205 2245 nusquam

109 2248 340 2290 Hectoreos
363 2251 516 2300 amnis,
542 2250 763 2292 Xanthum
787 2258 828 2292 et
853 2251 1086 2302 Simoenta,
1113 2252 1288 2293 videbo?

109 2308 208 2361 quin
233 2309 342 2363 agite
366 2316 406 2350 et
429 2325 590 2352 mecum
615 2311 817 2354 infaustas
842 2313 1000 2354 exurite
1023 2313 1189 2367 puppis.

111 2384 206 2409 nam
231 2369 331 2410 mihi
356 2369 619 2412 Cassandrae
642 2386 716 2426 per
740 2388 932 2414 somnum
955 2374 1062 2415 vatis
1085 2374 1225 2428 imago

111 2431 290 2472 ardentis
316 2431 414 2472 dare
438 2432 528 2472 visa
552 2432 685 2473 faces:
710 2433 792 2482 ,hie
815 2435 999 2487 quaerite
1024 2434 1213 2483 Troiam3

112 2492 178 2533 hie
202 2493 349 2535 domus
375 2497 459 2535 est‘
483 2493 615 2546 inquit
638 2494 800 2543 ‚vobis.‘
823 2495 906 2535 iam
931 2501 1095 2549 tempus
1119 2495 1188 2549 agi
1212 2509 1292 2544 res,

112 2568 188 2595 nec
212 2555 335 2596 tantis
360 2569 476 2596 mora
499 2555 711 2610 prodigiis.
737 2570 790 2597 en
812 2562 1007 2609 quattuor
1029 2571 1124 2598 arae

111 2614 323 2670 Neptun03
349 2616 451 2658 deus
475 2617 565 2671 ipse
589 2617 702 2658 faces
728 2617 994 2671 animumque
1017 2617 1261 2658 ministrat.“

113 2676 215 2717 haec
238 2691 470 2719 memorans
495 2678 628 2732 prima
651 2678 860 2720 infensum
884 2679 926 2720 vi
950 2679 1116 2733 corripit
1139 2679 1291 2734 ignem,

115 2736 355 2792 sublataque
379 2740 519 2794 procul
545 2741 688 2781 dextra
712 2741 888 2782 connixa
912 2746 1111 2790 coruscat,

1382 280 1463 322 183

1489 469 1553 500 605

1492 778 1558 809 610

1494 1091 1558 1119 (515

1494 1399 1558 1429 620

1495 1710 1558 1740 625

1495 2018 1560 2049 630

1497 2325 1560 2356 635

1495 2629 1560 2661 640
