1780 3074
611 299 870 339 AENEIDOS
889 300 987 336 LIB.
1006 301 1055 336 H.

155 412 238 454 iam
262 423 447 452 summas
472 421 587 450 arces
612 405 819 455 Tritonia,
843 404 1021 461 respice,
1046 403 1187 446 Pallas

153 472 322 523 insedit,
346 469 489 512 nimbo
513 468 719 525 effulgens
744 473 786 509 et
810 465 1008 523 Gorgone
1033 481 1170 508 saeva.

154 536 244 591 ipse
267 539 386 590 pater
407 531 570 574 Danais
595 530 755 572 animos
779 529 971 583 viresque
997 529 1201 571 secundas

156 596 329 646 sufficit,
354 595 444 650 ipse
469 592 605 635 deos
593 608 637 634 in
659 591 861 634 Dardana
884 590 1057 633 suscitat
1080 605 1206 632 arma.

156 658 286 714 eripe,
310 663 424 706 nate,
450 655 615 711 fugam,
639 652 882 707 finemque
870 667 1022 708 mpone
1045 651 1189 694 labori.

155 734 362 774 nusquam
385 717 510 760 abero
534 723 575 758 et
598 723 732 758 tut1m1
754 715 888 771 patrio
912 721 952 756 te
975 714 1116 756 limme
1141 714 1327 757 sistam.“

157 782 334 831 dixerat,
360 785 401 822 et
425 778 571 834 spissis
596 777 728 819 noctis
754 791 799 818 se
824 776 1007 818 condidit
1029 776 1201 819 umbris.

158 843 357 898 adparent
379 841 492 883 dirae
515 839 646 882 facies
670 838 919 892 inimicaque
944 837 1095 880 Troiae

157 904 327 947 numina
349 917 502 958 magna
525 902 662 943 deum.

213 965 324 1007 Tum
348 979 446 1006 vero
470 977 592 1006 omne
615 963 718 1004 mihi
740 963 878 1004 visum
902 962 1115 1004 considere
1138 962 1183 1004 in
1205 963 1326 1019 ignes

156 1029 280 1071 Ilium
304 1033 345 1069 et
368 1041 420 1068 ex
442 1027 526 1068 imo
550 1026 655 1067 verti
676 1025 885 1081 Neptunia
908 1025 1054 1076 Troia3

155 1105 205 1133 ae
228 1089 356 1132 veluti
380 1088 553 1131 summis
578 1087 790 1142 antiquam
812 1087 857 1129 in
880 1087 1091 1130 montibus
1117 1102 1265 1130 ornum

157 1167 251 1194 cum
275 1151 383 1193 ferro
408 1150 588 1192 accisam
612 1149 849 1204 crebrisque
872 1149 1122 1205 bipennibus
1147 1150 1305 1192 instant

156 1228 299 1256 eruere
323 1212 527 1269 agricolae
552 1212 738 1254 certatim
745 1228 757 1263 ;
782 1211 853 1253 illa
875 1226 1009 1266 usque
1034 1212 1215 1254 minatur

157 1282 198 1318 et
221 1275 462 1317 tremefacta
485 1289 647 1316 comam
671 1289 873 1316 concusso
897 1274 1050 1316 vertice
1074 1280 1206 1325 nutat,

158 1336 396 1379 volneribus
421 1336 553 1378 donec
575 1336 791 1407 paullatim
815 1336 950 1378 evicta
973 1351 1214 1392 supremum

159 1399 397 1456 congemuit
420 1398 625 1452 traxitque
648 1398 758 1454 iustis
783 1398 926 1440 avolsa
948 1398 1123 1440 ruinam.·

158 1461 366 1503 descendo
390 1475 439 1502 ac
463 1460 638 1502 ducente
663 1460 741 1501 deo
765 1459 976 1501 flammam
998 1460 1106 1502 inter
1129 1467 1171 1502 et
1192 1460 1325 1502 hostis

161 1523 376 1579 expedior3
402 1522 502 1564 dant
525 1521 607 1563 tela
629 1521 769 1563 locum
791 1521 1065 1576 flammaeque
1089 1523 1301 1564 recedunt.

215 1585 357 1639 Atque
381 1584 455 1626 ubi
477 1584 560 1625 iam
583 1584 740 1639 patriae
763 1590 1008 1639 perventum
1031 1584 1085 1625 ad
1107 1584 1250 1626 limina
1275 1585 1386 1626 sedis

160 1647 434 1701 antiquasque
458 1646 622 1696 domos,
647 1645 827 1702 genitor,
853 1660 979 1699 quem
1002 1645 1145 1688 tollere
1168 1646 1212 1687 in
1236 1646 1341 1688 altos

161 1708 355 1764 optabam
379 1708 558 1764 primum
582 1708 733 1749 montis
751 1708 1019 1763 <primumque
1042 1707 1249 1763 petebam,

162 1771 341 1826 abnegat
365 1770 505 1812 excisa
527 1770 656 1811 vitam
679 1770 907 1825 producere
932 1769 1060 1812 Troia

162 1832 437 1886 exsiliumque
461 1832 561 1888 pati.
589 1847 691 1883 „vos
715 1846 759 1882 o,
784 1831 936 1886 quibus
960 1832 1121 1888 integer
1144 1832 1237 1874 aevi

164 1894 382 1951 sanguis,“
408 1894 483 1944 ait,
511 1894 776 1948 „solidaeque
801 1908 878 1936 suo
902 1899 1012 1936 stant
1034 1894 1182 1937 robore
1206 1894 1328 1945 vires,

162 1971 237 1999 vos
262 1956 415 2012 agitate
440 1955 597 2012 fugam.

162 2033 229 2062 me
254 2018 290 2062 si
313 2018 531 2062 caelicolae
556 2018 784 2063 voluissent
808 2019 958 2064 ducere
982 2019 1124 2073 vitam,

162 2081 238 2124 has
262 2082 364 2124 mihi
388 2089 623 2125 servassent
647 2084 781 2126 sedes.
807 2084 907 2126 satis
931 2099 1016 2126 una
1040 2099 1246 2140 superque

163 2143 342 2185 vidimus
367 2144 528 2186 excidia
551 2150 592 2186 et
615 2151 760 2201 captae
785 2147 1071 2202 superavimus
1095 2146 1201 2188 urbi.

166 2205 226 2246 sic
249 2219 294 2255 o,
320 2205 380 2247 sic
401 2206 583 2260 positum
607 2207 738 2248 adfati
761 2208 959 2250 discedite
984 2223 1148 2263 corpus.

166 2266 256 2320 ipse
278 2281 404 2307 manu
427 2273 602 2308 mortem
623 2268 831 2310 inveniam
838 2285 850 2319 3
874 2269 1137 2312 miserebitur
1158 2269 1291 2312 hostis

169 2326 421 2380 exuviasque
443 2333 568 2381 petet.
593 2328 727 2371 facilis
750 2330 908 2372 iactura
931 2331 1150 2386 sepulchri.

169 2386 252 2428 iam
275 2387 435 2442 pridem
457 2387 616 2431 invisus
640 2390 747 2432 divis
772 2400 813 2432 et
834 2391 991 2433 inutilis
1016 2407 1145 2434 annos

170 2449 377 2499 demoror,
403 2464 455 2491 ex
479 2463 560 2504 quo
584 2465 651 2492 me
675 2451 816 2493 divom
837 2459 955 2507 pater
978 2459 1101 2507 atque
1124 2453 1338 2495 hominum
1364 2467 1435 2494 rex

170 2509 354 2553 fulminis
380 2511 548 2553 adflavit
569 2512 704 2554 ventis
729 2518 770 2554 et
793 2513 965 2569 contigit
987 2514 1114 2570 igni.“

227 2571 348 2614 Talia
369 2573 582 2628 perstabat
603 2588 837 2616 memorans
861 2574 1052 2630 fixusque
1075 2575 1280 2618 manebat.

170 2648 246 2676 nos
271 2640 414 2676 contra
437 2635 559 2676 effusi
582 2635 762 2678 lacrimis
787 2637 1048 2692 coniunxque
1073 2637 1234 2681 Creusa

171 2694 462 2751 Ascaniusque
486 2697 702 2752 omnisque
726 2698 893 2750 domus,
918 2714 971 2742 ne
994 2706 1152 2742 vertere
1176 2715 1317 2743 secum

173 2764 321 2799 cuncta
343 2764 460 2813 pater
483 2758 652 2813 fatoque
676 2761 869 2816 urguenti
892 2761 1129 2805 incumbere
1152 2762 1288 2805 vellet.

1438 290 1518 333 125

1544 479 1608 509 615

1547 789 1611 820 620

1550 1411 1614 1441 630

1550 1721 1615 1752 635

1552 2031 1617 2064 640

1553 2343 1617 2372 645

1553 2651 1617 2683 650
