1820 3080
363 420 426 450 170

358 1026 422 1056 180

358 1330 419 1361 185

356 1635 418 1665 190

354 1940 417 1969 195

351 2242 417 2271 ‘200

351 2547 414 2577 205

449 298 530 337 2ὑὸ
850 304 891 337 Ρ.
912 301 1140 337 VERGILH
1161 300 1385 336 MARONIS

447 421 549 459 quos
573 412 688 459 pater
709 402 894 451 Aeneas,
920 402 955 443 si
978 401 1141 455 quando
1165 401 1338 442 adversa
1361 409 1564 449 vocarent,

447 474 620 506 rectores
645 465 837 504 iuvenum
861 468 900 503 et
922 476 1057 503 rerum
1081 462 1193 502 dedit
1215 476 1307 502 esse
1330 463 1559 517 magistros.

447 526 576 567 omnis
601 540 674 579 per
696 539 833 565 muros
858 523 965 578 legio
991 523 1132 564 sortita
1154 522 1351 577 periclum

446 586 620 628 excubat
642 594 883 638 exercetque
906 585 1038 634 vices,
1062 585 1173 638 quod
1196 584 1342 637 cuique
1366 584 1560 625 tuendum
1587 593 1660 626 est.

499 647 624 688 Nisus
648 653 734 687 erat
755 653 896 701 portae
921 651 1078 695 custos,
1103 645 1322 686 acerrimus
1346 646 1482 694 armis,

405 724 417 729 ’
445 708 710 762 Hyrtacides,
737 707 926 748 comitem
948 706 1118 748 Aeneae
1141 721 1263 760 quem
1287 707 1453 748 miserat
1476 707 1551 747 Ida

443 769 645 818 venatrix,
670 768 802 810 iaculo
826 768 999 809 celerem
1022 764 1263 821 levibusque
1288 768 1460 823 sagittis,

444 838 484 871 et
506 830 619 871 iuxta
642 844 779 871 comes
802 829 1030 884 Euryalus,
1055 843 1137 883 quo
1160 829 1366 884 pulchrior
1389 829 1490 870 alter

444 906 525 932 non
547 891 625 931 fuit
646 890 890 932 Aeneadum
915 890 1093 932 Troiana
1114 905 1247 944 neque
1270 890 1401 931 induit
1423 905 1548 938 arma,

443 966 515 993 ora
537 966 640 1006 puer
660 952 793 1006 prima
816 952 983 1007 signans
1006 951 1169 992 intonsa
1191 951 1368 992 iuventa.

446 1013 508 1054 his
532 1027 646 1053 amor
669 1027 776 1054 unus
801 1020 905 1062 erat,
931 1012 1162 1066 pariterque
1184 1012 1227 1052 in
1250 1012 1357 1053 bella
1378 1012 1569 1061 ruebant3

444 1084 530 1114 tum
553 1088 716 1127 quoque
740 1073 946 1114 communi
968 1080 1128 1128 portam
1151 1073 1322 1114 statione
1347 1073 1550 1114 tenebant.

443 1135 567 1177 Nisus
591 1135 665 1175 ait:
692 1135 812 1186 „dine
836 1135 945 1175 hunc
968 1134 1153 1175 ardorem
1175 1134 1380 1175 mentibus
1406 1134 1573 1182 addunt,

442 1195 642 1250 Euryale,
668 1211 721 1236 an
744 1210 819 1237 sua
844 1196 990 1249 cuique
1014 1195 1115 1237 deus
1139 1195 1185 1236 fit
1208 1195 1296 1236 dira
1319 1195 1493 1249 cupido?

444 1263 514 1297 aut
536 1271 734 1311 pugnam,
760 1265 830 1296 aut
852 1256 1005 1309 aliquid
1027 1255 1265 1296 iamdudum
1288 1255 1479 1296 invadere
1503 1270 1697 1310 magnum

444 1332 558 1358 mens
582 1317 709 1372 agitat
732 1317 850 1365 mihi,
874 1331 950 1357 nec
972 1316 1133 1371 placida
1156 1322 1347 1357 contenta
1370 1316 1504 1369 quiete
1529 1326 1602 1356 est.

443 1378 591 1427 cernis,
617 1392 721 1430 quae
744 1377 920 1418 Rutulos
944 1376 1094 1418 habeat
1116 1377 1266 1417 fiducia
1287 1391 1441 1417 rerum:

442 1439 595 1479 lumina
616 1453 708 1479 rara
729 1438 898 1487 micant,
925 1451 1068 1479 somno
1091 1437 1268 1491 vinoque
1292 1437 1414 1479 soluti

441 1498 711 1554 procubuere,
738 1499 859 1540 silent
880 1499 962 1540 late
983 1498 1086 1540 loca.
1110 1499 1274 1554 percipe
1296 1514 1428 1554 porro,

442 1560 541 1614 quid
564 1560 746 1601 dubitem
769 1567 809 1602 et
831 1574 936 1614 quae
959 1575 1068 1601 nunc
1092 1561 1226 1602 animo
1251 1561 1450 1602 sententia
1474 1570 1625 1615 surgat.

440 1621 613 1662 Aenean
636 1621 758 1662 acciri
781 1636 942 1671 omnes,
966 1621 1222 1676 populusque
1244 1628 1473 1676 patresque,

441 1693 685 1737 exposcunt,
710 1682 896 1736 mittique
921 1682 1049 1732 viros,
1075 1683 1145 1736 qui
1169 1688 1278 1724 certa
1300 1689 1517 1737 reportent.

442 1744 494 1792 si,
521 1743 592 1784 tibi
616 1758 720 1797 quae
743 1758 888 1798 posco,
912 1744 1172 1798 promittunt,
1196 1767 1251 1774 -—
1274 1759 1370 1784 nam
1392 1743 1493 1784 mihi
1516 1744 1614 1784 facti

440 1806 551 1846 sama
574 1810 639 1846 sat
661 1813 724 1845 est
747 1829 801 1834 -—
825 1804 981 1845 tumulo
1004 1805 1146 1846 videor
1166 1804 1341 1859 reperire
1366 1804 1442 1846 sub
1466 1804 1535 1845 illo

439 1880 562 1920 posse
586 1865 694 1906 viam
717 1865 770 1905 ad
793 1880 932 1906 muros
957 1872 997 1906 et
1019 1865 1180 1906 moenia
1202 1865 1454 1906 Pallantea.“

441 1926 650 1980 obstupuit
673 1941 824 1980 magno
847 1926 1015 1966 laudum
1040 1941 1260 1980 percussus
1284 1940 1421 1967 amore

439 1986 666 2040 Euryalus3
693 1986 814 2027 simul
837 1986 901 2028 his
926 1987 1136 2027 ardentem
1159 1987 1322 2028 adfatur
1344 1987 1538 2028 amicum:

442 2062 585 2098 „mene
609 2048 735 2102 igitur
759 2047 916 2088 socium
941 2048 1111 2089 summis
1136 2048 1357 2104 adiungere
1379 2047 1515 2097 rebus,

438 2108 556 2157 Nise,
582 2108 718 2163 fugis?
742 2108 874 2149 solum
898 2114 938 2149 te
966 2108 1010 2149 in
1032 2115 1145 2150 tanta
1166 2109 1347 2164 pericula
1368 2109 1551 2149 mittam?

438 2184 521 2210 non
544 2169 600 2209 ita
623 2183 688 2210 me
712 2170 889 2224 genitor,
914 2169 1030 2211 bellis
1054 2170 1248 2211 adsuetus
1275 2169 1487 2224 Opheltes,

438 2229 680 2284 Argolicum
704 2237 898 2271 terrorem
920 2230 1026 2272 inter
1049 2230 1277 2285 Troiaeque
1299 2231 1451 2272 laboris

440 2290 645 2332 sublatum
669 2291 834 2341 erudiit3
858 2306 934 2333 nec
957 2299 1093 2334 tecum
1117 2292 1213 2333 talia
1234 2293 1359 2348 gessi,

439 2352 746 2407 magnanimum
769 2351 944 2394 Aenean
967 2359 1008 2394 et
1030 2353 1116 2395 sata
1139 2360 1320 2395 extrema
1343 2360 1527 2395 secutus:

439 2420 501 2454 est
524 2413 608 2462 hic,
634 2419 697 2454 est
721 2413 881 2455 animus
905 2414 1008 2455 lucis
1032 2421 1304 2470 contemptor,
1329 2421 1370 2456 et
1392 2415 1515 2456 istum

438 2474 509 2527 qui
531 2474 615 2515 vita
637 2473 741 2515 bene
766 2475 904 2516 credat
927 2475 1025 2525 emi,
1050 2489 1131 2529 quo
1155 2477 1306 2524 tendis,
1331 2476 1562 2517 honorem.“

438 2535 562 2576 Nisus
586 2535 640 2576 ad
662 2535 781 2577 haec:
808 2536 1023 2590 „equidem
1046 2537 1098 2578 de
1122 2543 1162 2578 te
1186 2538 1244 2578 nil
1266 2537 1346 2579 talc
1370 2536 1550 2584 verebar,

439 2611 514 2637 nec
536 2595 620 2646 sas3
643 2612 744 2646 non,
768 2597 826 2638 ita
847 2611 914 2638 me
936 2597 1086 2639 reserat
1109 2598 1181 2640 tibi
1204 2613 1379 2654 magnus
1402 2606 1590 2639 ovantem

438 2657 621 2711 Iuppiter
644 2665 714 2698 aut
737 2658 982 2712 quicumque
1005 2659 1133 2702 oculis
1157 2660 1258 2702 haec
1281 2659 1425 2714 aspicit
1447 2658 1599 2711 aequis.

439 2718 510 2757 sed
536 2718 570 2758 si
593 2718 684 2771 quis
710 2744 763 2748 —
787 2733 892 2772 quae
915 2720 1044 2761 multa
1067 2721 1181 2761 vides
1205 2721 1435 2762 discrimine
1460 2719 1530 2760 tali
1553 2743 1606 2749 —
