<?xml version="1.0" encoding="UTF-8"?>
<!DOCTYPE html PUBLIC "-//W3C//DTD XHTML 1.0 Transitional//EN"
    "http://www.w3.org/TR/xhtml1/DTD/xhtml1-transitional.dtd">
<html xmlns="http://www.w3.org/1999/xhtml" xml:lang="en" lang="en">
 <head>
  <title>
</title>
<meta http-equiv="Content-Type" content="text/html;charset=utf-8" />
  <meta name='ocr-system' content='tesseract 3.04.00' />
  <meta name='ocr-capabilities' content='ocr_page ocr_carea ocr_par ocr_line ocrx_word'/>
</head>
<body>
  <div class='ocr_page' id='page_1' title='image "./operavirg00virguoft/operavirg00virguoft_0148.png"; bbox 0 0 1794 3048; ppageno 0'>
   <div class='ocr_carea' id='block_1_1' title="bbox 375 543 438 572">
    <p class='ocr_par' dir='ltr' id='par_1_1' title="bbox 375 543 438 572">
     <span class='ocr_line' id='line_1_1' title="bbox 375 543 438 572; baseline -0.016 0"><span class='ocrx_word' id='word_1_1' title='bbox 375 543 438 572; x_wconf 77' lang='lat'>265</span> 
     </span>
    </p>
   </div>
   <div class='ocr_carea' id='block_1_2' title="bbox 375 845 440 874">
    <p class='ocr_par' dir='ltr' id='par_1_2' title="bbox 375 845 440 874">
     <span class='ocr_line' id='line_1_2' title="bbox 375 845 440 874; baseline 0 0"><span class='ocrx_word' id='word_1_2' title='bbox 375 845 440 874; x_wconf 73' lang='lat'>‘370</span> 
     </span>
    </p>
   </div>
   <div class='ocr_carea' id='block_1_3' title="bbox 376 1148 439 1178">
    <p class='ocr_par' dir='ltr' id='par_1_3' title="bbox 376 1148 439 1178">
     <span class='ocr_line' id='line_1_3' title="bbox 376 1148 439 1178; baseline 0.016 -1"><span class='ocrx_word' id='word_1_3' title='bbox 376 1148 439 1178; x_wconf 79' lang='lat'>275</span> 
     </span>
    </p>
   </div>
   <div class='ocr_carea' id='block_1_4' title="bbox 378 1451 442 1482">
    <p class='ocr_par' dir='ltr' id='par_1_4' title="bbox 378 1451 442 1482">
     <span class='ocr_line' id='line_1_4' title="bbox 378 1451 442 1482; baseline 0.016 -1"><span class='ocrx_word' id='word_1_4' title='bbox 378 1451 442 1482; x_wconf 82' lang='lat'>‘280</span> 
     </span>
    </p>
   </div>
   <div class='ocr_carea' id='block_1_5' title="bbox 380 1755 444 1785">
    <p class='ocr_par' dir='ltr' id='par_1_5' title="bbox 380 1755 444 1785">
     <span class='ocr_line' id='line_1_5' title="bbox 380 1755 444 1785; baseline 0 -1"><span class='ocrx_word' id='word_1_5' title='bbox 380 1755 444 1785; x_wconf 82' lang='lat'>285</span> 
     </span>
    </p>
   </div>
   <div class='ocr_carea' id='block_1_6' title="bbox 382 2057 446 2087">
    <p class='ocr_par' dir='ltr' id='par_1_6' title="bbox 382 2057 446 2087">
     <span class='ocr_line' id='line_1_6' title="bbox 382 2057 446 2087; baseline 0 0"><span class='ocrx_word' id='word_1_6' title='bbox 382 2057 446 2087; x_wconf 85' lang='lat'>290</span> 
     </span>
    </p>
   </div>
   <div class='ocr_carea' id='block_1_7' title="bbox 382 2358 446 2389">
    <p class='ocr_par' dir='ltr' id='par_1_7' title="bbox 382 2358 446 2389">
     <span class='ocr_line' id='line_1_7' title="bbox 382 2358 446 2389; baseline 0.016 -1"><span class='ocrx_word' id='word_1_7' title='bbox 382 2358 446 2389; x_wconf 84' lang='lat'>295</span> 
     </span>
    </p>
   </div>
   <div class='ocr_carea' id='block_1_8' title="bbox 383 2662 447 2692">
    <p class='ocr_par' dir='ltr' id='par_1_8' title="bbox 383 2662 447 2692">
     <span class='ocr_line' id='line_1_8' title="bbox 383 2662 447 2692; baseline 0 0"><span class='ocrx_word' id='word_1_8' title='bbox 383 2662 447 2692; x_wconf 85' lang='lat'>300</span> 
     </span>
    </p>
   </div>
   <div class='ocr_carea' id='block_1_9' title="bbox 465 297 1409 340">
    <p class='ocr_par' dir='ltr' id='par_1_9' title="bbox 465 297 1409 340">
     <span class='ocr_line' id='line_1_9' title="bbox 465 297 1409 340; baseline 0.002 -2"><span class='ocrx_word' id='word_1_9' title='bbox 465 297 544 338; x_wconf 82' lang='grc'>116</span> <span class='ocrx_word' id='word_1_10' title='bbox 862 306 904 339; x_wconf 86' lang='grc' dir='ltr'>Ρ.</span> <span class='ocrx_word' id='word_1_11' title='bbox 924 304 1151 340; x_wconf 82' lang='lat' dir='ltr'><strong>VERGILII</strong></span> <span class='ocrx_word' id='word_1_12' title='bbox 1171 301 1409 340; x_wconf 68' lang='lat' dir='ltr'>MARONIS&#39;</span> 
     </span>
    </p>
   </div>
   <div class='ocr_carea' id='block_1_10' title="bbox 461 403 1653 1918">
    <p class='ocr_par' dir='ltr' id='par_1_10' title="bbox 462 403 1459 460">
     <span class='ocr_line' id='line_1_10' title="bbox 462 403 1459 460; baseline -0.002 -12"><span class='ocrx_word' id='word_1_13' title='bbox 462 415 502 449; x_wconf 88' lang='lat' dir='ltr'>et</span> <span class='ocrx_word' id='word_1_14' title='bbox 523 406 758 455; x_wconf 82' lang='lat' dir='ltr'>Menelaus,</span> <span class='ocrx_word' id='word_1_15' title='bbox 785 411 825 446; x_wconf 86' lang='lat' dir='ltr'>et</span> <span class='ocrx_word' id='word_1_16' title='bbox 847 405 936 460; x_wconf 90' lang='lat' dir='ltr'>ipse</span> <span class='ocrx_word' id='word_1_17' title='bbox 960 404 1042 446; x_wconf 89' lang='lat' dir='ltr'>doli</span> <span class='ocrx_word' id='word_1_18' title='bbox 1065 403 1284 445; x_wconf 84' lang='lat' dir='ltr'>fabricator</span> <span class='ocrx_word' id='word_1_19' title='bbox 1305 404 1459 459; x_wconf 85' lang='lat' dir='ltr'>Epeos.</span> 
     </span>
    </p>

    <p class='ocr_par' dir='ltr' id='par_1_11' title="bbox 461 464 1436 519">
     <span class='ocr_line' id='line_1_11' title="bbox 461 464 1436 519; baseline -0.003 -11"><span class='ocrx_word' id='word_1_20' title='bbox 461 467 658 508; x_wconf 88' lang='lat' dir='ltr'>invadunt</span> <span class='ocrx_word' id='word_1_21' title='bbox 680 465 823 506; x_wconf 90' lang='lat' dir='ltr'>urbem</span> <span class='ocrx_word' id='word_1_22' title='bbox 847 479 990 506; x_wconf 91' lang='lat' dir='ltr'>somno</span> <span class='ocrx_word' id='word_1_23' title='bbox 1013 464 1190 518; x_wconf 89' lang='lat' dir='ltr'>vinoque</span> <span class='ocrx_word' id='word_1_24' title='bbox 1215 464 1417 519; x_wconf 89' lang='lat' dir='ltr'>sepultam</span> <span class='ocrx_word' id='word_1_25' title='bbox 1425 482 1436 515; x_wconf 92' lang='lat'>;</span> 
     </span>
    </p>

    <p class='ocr_par' dir='ltr' id='par_1_12' title="bbox 463 525 1526 581">
     <span class='ocr_line' id='line_1_12' title="bbox 463 525 1526 581; baseline -0.002 -13"><span class='ocrx_word' id='word_1_26' title='bbox 463 528 685 569; x_wconf 87' lang='lat' dir='ltr'>caeduntur</span> <span class='ocrx_word' id='word_1_27' title='bbox 706 526 871 581; x_wconf 86' lang='lat' dir='ltr'>vigiles,</span> <span class='ocrx_word' id='word_1_28' title='bbox 895 526 1105 581; x_wconf 87' lang='lat' dir='ltr'>portisque</span> <span class='ocrx_word' id='word_1_29' title='bbox 1128 525 1361 580; x_wconf 89' lang='lat' dir='ltr'>patentibus</span> <span class='ocrx_word' id='word_1_30' title='bbox 1386 539 1526 567; x_wconf 88' lang='lat' dir='ltr'>omnes</span> 
     </span>
    </p>

    <p class='ocr_par' dir='ltr' id='par_1_13' title="bbox 462 587 1649 703">
     <span class='ocr_line' id='line_1_13' title="bbox 462 587 1549 642; baseline -0.003 -12"><span class='ocrx_word' id='word_1_31' title='bbox 462 588 664 642; x_wconf 83' lang='lat' dir='ltr'>accipiunt</span> <span class='ocrx_word' id='word_1_32' title='bbox 688 587 820 629; x_wconf 89' lang='lat' dir='ltr'>socios</span> <span class='ocrx_word' id='word_1_33' title='bbox 845 593 966 641; x_wconf 89' lang='lat' dir='ltr'>atque</span> <span class='ocrx_word' id='word_1_34' title='bbox 990 587 1155 642; x_wconf 86' lang='lat' dir='ltr'>agmina</span> <span class='ocrx_word' id='word_1_35' title='bbox 1178 587 1341 628; x_wconf 88' lang='lat' dir='ltr'>conseia</span> <span class='ocrx_word' id='word_1_36' title='bbox 1363 587 1549 642; x_wconf 84' lang='lat' dir='ltr'>iungunt.</span> 
     </span>
     <span class='ocr_line' id='line_1_14' title="bbox 518 647 1649 703; baseline -0.001 -13"><span class='ocrx_word' id='word_1_37' title='bbox 518 649 700 703; x_wconf 86' lang='lat' dir='ltr'>Tempus</span> <span class='ocrx_word' id='word_1_38' title='bbox 725 654 827 698; x_wconf 88' lang='lat' dir='ltr'>erat,</span> <span class='ocrx_word' id='word_1_39' title='bbox 853 662 934 701; x_wconf 90' lang='lat' dir='ltr'>quo</span> <span class='ocrx_word' id='word_1_40' title='bbox 958 648 1090 702; x_wconf 88' lang='lat' dir='ltr'>prima</span> <span class='ocrx_word' id='word_1_41' title='bbox 1113 647 1229 701; x_wconf 91' lang='lat' dir='ltr'>quies</span> <span class='ocrx_word' id='word_1_42' title='bbox 1252 647 1491 689; x_wconf 83' lang='lat' dir='ltr'>mortalibus</span> <span class='ocrx_word' id='word_1_43' title='bbox 1516 648 1649 703; x_wconf 82' lang='lat' dir='ltr'>aegris</span> 
     </span>
    </p>

    <p class='ocr_par' dir='ltr' id='par_1_14' title="bbox 461 708 1377 764">
     <span class='ocr_line' id='line_1_15' title="bbox 461 708 1377 764; baseline -0.001 -14"><span class='ocrx_word' id='word_1_44' title='bbox 461 709 603 764; x_wconf 84' lang='lat' dir='ltr'>incipit</span> <span class='ocrx_word' id='word_1_45' title='bbox 626 715 666 750; x_wconf 88' lang='lat' dir='ltr'>et</span> <span class='ocrx_word' id='word_1_46' title='bbox 689 709 797 750; x_wconf 86' lang='lat' dir='ltr'>dono</span> <span class='ocrx_word' id='word_1_47' title='bbox 822 709 960 750; x_wconf 90' lang='lat' dir='ltr'>divom</span> <span class='ocrx_word' id='word_1_48' title='bbox 983 709 1217 764; x_wconf 86' lang='lat' dir='ltr'>gratissima</span> <span class='ocrx_word' id='word_1_49' title='bbox 1241 708 1377 763; x_wconf 82' lang='lat' dir='ltr'>serpit.</span> 
     </span>
    </p>

    <p class='ocr_par' dir='ltr' id='par_1_15' title="bbox 461 768 1625 819">
     <span class='ocr_line' id='line_1_16' title="bbox 461 768 1625 819; baseline -0.001 -9"><span class='ocrx_word' id='word_1_50' title='bbox 461 771 504 811; x_wconf 89' lang='lat' dir='ltr'>in</span> <span class='ocrx_word' id='word_1_51' title='bbox 528 769 700 819; x_wconf 89' lang='lat' dir='ltr'>somnis,</span> <span class='ocrx_word' id='word_1_52' title='bbox 725 783 838 818; x_wconf 88' lang='lat' dir='ltr'>eece,</span> <span class='ocrx_word' id='word_1_53' title='bbox 863 775 956 811; x_wconf 88' lang='lat' dir='ltr'>ante</span> <span class='ocrx_word' id='word_1_54' title='bbox 981 769 1121 811; x_wconf 88' lang='lat' dir='ltr'>oculos</span> <span class='ocrx_word' id='word_1_55' title='bbox 1145 769 1443 811; x_wconf 88' lang='lat' dir='ltr'>maestissimus</span> <span class='ocrx_word' id='word_1_56' title='bbox 1468 768 1625 810; x_wconf 79' lang='lat' dir='ltr'>Hector</span> 
     </span>
    </p>

    <p class='ocr_par' dir='ltr' id='par_1_16' title="bbox 463 830 1502 886">
     <span class='ocr_line' id='line_1_17' title="bbox 463 830 1502 886; baseline -0.001 -14"><span class='ocrx_word' id='word_1_57' title='bbox 463 832 576 872; x_wconf 90' lang='lat' dir='ltr'>visus</span> <span class='ocrx_word' id='word_1_58' title='bbox 602 831 748 879; x_wconf 85' lang='lat' dir='ltr'>adesse</span> <span class='ocrx_word' id='word_1_59' title='bbox 771 830 871 871; x_wconf 87' lang='lat' dir='ltr'>mihi</span> <span class='ocrx_word' id='word_1_60' title='bbox 894 830 1112 886; x_wconf 87' lang='lat' dir='ltr'>largosque</span> <span class='ocrx_word' id='word_1_61' title='bbox 1136 830 1346 872; x_wconf 87' lang='lat' dir='ltr'>effundere</span> <span class='ocrx_word' id='word_1_62' title='bbox 1368 830 1502 880; x_wconf 89' lang='lat' dir='ltr'>fletus,</span> 
     </span>
    </p>

    <p class='ocr_par' dir='ltr' id='par_1_17' title="bbox 462 891 1475 947">
     <span class='ocr_line' id='line_1_18' title="bbox 462 891 1475 947; baseline -0.002 -14"><span class='ocrx_word' id='word_1_63' title='bbox 462 898 644 946; x_wconf 82' lang='lat' dir='ltr'>raptatus</span> <span class='ocrx_word' id='word_1_64' title='bbox 669 891 776 947; x_wconf 83' lang='lat' dir='ltr'>bigis</span> <span class='ocrx_word' id='word_1_65' title='bbox 800 897 846 932; x_wconf 93' lang='lat' dir='ltr'>ut</span> <span class='ocrx_word' id='word_1_66' title='bbox 869 892 1093 945; x_wconf 87' lang='lat' dir='ltr'>quondam,</span> <span class='ocrx_word' id='word_1_67' title='bbox 1118 897 1283 944; x_wconf 89' lang='lat' dir='ltr'>aterque</span> <span class='ocrx_word' id='word_1_68' title='bbox 1308 897 1475 932; x_wconf 88' lang='lat' dir='ltr'>cruento</span> 
     </span>
    </p>

    <p class='ocr_par' dir='ltr' id='par_1_18' title="bbox 462 952 1529 1008">
     <span class='ocr_line' id='line_1_19' title="bbox 462 952 1529 1008; baseline -0.001 -15"><span class='ocrx_word' id='word_1_69' title='bbox 462 953 647 1007; x_wconf 84' lang='lat' dir='ltr'>pulvere,</span> <span class='ocrx_word' id='word_1_70' title='bbox 672 967 824 1007; x_wconf 83' lang='lat' dir='ltr'>perque</span> <span class='ocrx_word' id='word_1_71' title='bbox 848 953 973 1008; x_wconf 88' lang='lat' dir='ltr'>pedes</span> <span class='ocrx_word' id='word_1_72' title='bbox 999 953 1190 993; x_wconf 89' lang='lat' dir='ltr'>traiectus</span> <span class='ocrx_word' id='word_1_73' title='bbox 1213 952 1301 993; x_wconf 87' lang='lat' dir='ltr'>lora</span> <span class='ocrx_word' id='word_1_74' title='bbox 1324 952 1529 993; x_wconf 89' lang='lat' dir='ltr'>tumentis.</span> 
     </span>
    </p>

    <p class='ocr_par' dir='ltr' id='par_1_19' title="bbox 463 1012 1548 1067">
     <span class='ocr_line' id='line_1_20' title="bbox 463 1012 1548 1067; baseline -0.001 -13"><span class='ocrx_word' id='word_1_75' title='bbox 463 1014 531 1054; x_wconf 89' lang='lat' dir='ltr'>hei</span> <span class='ocrx_word' id='word_1_76' title='bbox 553 1013 670 1063; x_wconf 91' lang='lat' dir='ltr'>mihi,</span> <span class='ocrx_word' id='word_1_77' title='bbox 695 1014 826 1067; x_wconf 91' lang='lat' dir='ltr'>qualis</span> <span class='ocrx_word' id='word_1_78' title='bbox 851 1013 954 1054; x_wconf 84' lang='lat' dir='ltr'>eratl</span> <span class='ocrx_word' id='word_1_79' title='bbox 979 1019 1176 1067; x_wconf 89' lang='lat' dir='ltr'>quantum</span> <span class='ocrx_word' id='word_1_80' title='bbox 1200 1018 1379 1054; x_wconf 86' lang='lat' dir='ltr'>mutatus</span> <span class='ocrx_word' id='word_1_81' title='bbox 1404 1012 1456 1054; x_wconf 93' lang='lat' dir='ltr'>ab</span> <span class='ocrx_word' id='word_1_82' title='bbox 1479 1012 1548 1053; x_wconf 91' lang='lat' dir='ltr'>illo</span> 
     </span>
    </p>

    <p class='ocr_par' dir='ltr' id='par_1_20' title="bbox 464 1072 1458 1127">
     <span class='ocr_line' id='line_1_21' title="bbox 464 1072 1458 1127; baseline -0.001 -13"><span class='ocrx_word' id='word_1_83' title='bbox 464 1073 663 1123; x_wconf 86' lang='lat' dir='ltr'>Hectore,</span> <span class='ocrx_word' id='word_1_84' title='bbox 688 1074 758 1127; x_wconf 91' lang='lat' dir='ltr'>qui</span> <span class='ocrx_word' id='word_1_85' title='bbox 781 1074 886 1114; x_wconf 89' lang='lat' dir='ltr'>redit</span> <span class='ocrx_word' id='word_1_86' title='bbox 909 1074 1078 1115; x_wconf 86' lang='lat' dir='ltr'>exuvias</span> <span class='ocrx_word' id='word_1_87' title='bbox 1102 1074 1268 1114; x_wconf 90' lang='lat' dir='ltr'>indutus</span> <span class='ocrx_word' id='word_1_88' title='bbox 1292 1072 1458 1122; x_wconf 83' lang='lat' dir='ltr'>Achilli,</span> 
     </span>
    </p>

    <p class='ocr_par' dir='ltr' id='par_1_21' title="bbox 464 1133 1569 1190">
     <span class='ocr_line' id='line_1_22' title="bbox 464 1133 1569 1190; baseline -0.001 -15"><span class='ocrx_word' id='word_1_89' title='bbox 464 1135 528 1176; x_wconf 90' lang='lat' dir='ltr'>vel</span> <span class='ocrx_word' id='word_1_90' title='bbox 552 1135 745 1175; x_wconf 88' lang='lat' dir='ltr'>Danaum</span> <span class='ocrx_word' id='word_1_91' title='bbox 767 1135 972 1190; x_wconf 80' lang='lat' dir='ltr'>Phrygios</span> <span class='ocrx_word' id='word_1_92' title='bbox 996 1134 1195 1175; x_wconf 88' lang='lat' dir='ltr'>iaculatus</span> <span class='ocrx_word' id='word_1_93' title='bbox 1218 1133 1425 1189; x_wconf 89' lang='lat' dir='ltr'>puppibus</span> <span class='ocrx_word' id='word_1_94' title='bbox 1449 1134 1569 1189; x_wconf 84' lang='lat' dir='ltr'>ignis,</span> 
     </span>
    </p>

    <p class='ocr_par' dir='ltr' id='par_1_22' title="bbox 466 1195 1581 1250">
     <span class='ocr_line' id='line_1_23' title="bbox 466 1195 1581 1250; baseline -0.001 -14"><span class='ocrx_word' id='word_1_95' title='bbox 466 1196 719 1248; x_wconf 78' lang='lat' dir='ltr'>squalentem</span> <span class='ocrx_word' id='word_1_96' title='bbox 742 1195 911 1236; x_wconf 87' lang='lat' dir='ltr'>barbam</span> <span class='ocrx_word' id='word_1_97' title='bbox 936 1201 976 1236; x_wconf 88' lang='lat' dir='ltr'>et</span> <span class='ocrx_word' id='word_1_98' title='bbox 1000 1201 1211 1236; x_wconf 88' lang='lat' dir='ltr'>concretos</span> <span class='ocrx_word' id='word_1_99' title='bbox 1237 1195 1435 1250; x_wconf 81' lang='lat' dir='ltr'>sanguine</span> <span class='ocrx_word' id='word_1_100' title='bbox 1460 1195 1581 1236; x_wconf 88' lang='lat' dir='ltr'>crinis</span> 
     </span>
    </p>

    <p class='ocr_par' dir='ltr' id='par_1_23' title="bbox 464 1256 1653 1312">
     <span class='ocr_line' id='line_1_24' title="bbox 464 1256 1653 1312; baseline -0.001 -15"><span class='ocrx_word' id='word_1_101' title='bbox 464 1256 709 1309; x_wconf 86' lang='lat' dir='ltr'>volneraque</span> <span class='ocrx_word' id='word_1_102' title='bbox 732 1256 801 1297; x_wconf 88' lang='lat' dir='ltr'>illa</span> <span class='ocrx_word' id='word_1_103' title='bbox 823 1271 990 1312; x_wconf 86' lang='lat' dir='ltr'>gerens,</span> <span class='ocrx_word' id='word_1_104' title='bbox 1015 1271 1119 1310; x_wconf 87' lang='lat' dir='ltr'>quae</span> <span class='ocrx_word' id='word_1_105' title='bbox 1144 1256 1295 1297; x_wconf 89' lang='lat' dir='ltr'>circum</span> <span class='ocrx_word' id='word_1_106' title='bbox 1318 1256 1493 1310; x_wconf 88' lang='lat' dir='ltr'>plurima</span> <span class='ocrx_word' id='word_1_107' title='bbox 1517 1270 1653 1296; x_wconf 91' lang='lat' dir='ltr'>muros</span> 
     </span>
    </p>

    <p class='ocr_par' dir='ltr' id='par_1_24' title="bbox 465 1316 1369 1372">
     <span class='ocr_line' id='line_1_25' title="bbox 465 1316 1369 1372; baseline -0.001 -14"><span class='ocrx_word' id='word_1_108' title='bbox 465 1317 621 1372; x_wconf 85' lang='lat' dir='ltr'>accepit</span> <span class='ocrx_word' id='word_1_109' title='bbox 643 1318 807 1372; x_wconf 88' lang='lat' dir='ltr'>patrios.</span> <span class='ocrx_word' id='word_1_110' title='bbox 834 1317 938 1358; x_wconf 87' lang='lat' dir='ltr'>ultro</span> <span class='ocrx_word' id='word_1_111' title='bbox 962 1317 1064 1358; x_wconf 90' lang='lat' dir='ltr'>flens</span> <span class='ocrx_word' id='word_1_112' title='bbox 1088 1317 1177 1371; x_wconf 89' lang='lat' dir='ltr'>ipse</span> <span class='ocrx_word' id='word_1_113' title='bbox 1200 1316 1369 1358; x_wconf 88' lang='lat' dir='ltr'>videbar</span> 
     </span>
    </p>

    <p class='ocr_par' dir='ltr' id='par_1_25' title="bbox 465 1378 1543 1432">
     <span class='ocr_line' id='line_1_26' title="bbox 465 1378 1543 1432; baseline 0 -14"><span class='ocrx_word' id='word_1_114' title='bbox 465 1378 693 1432; x_wconf 82' lang='lat' dir='ltr'>conpellare</span> <span class='ocrx_word' id='word_1_115' title='bbox 717 1378 849 1418; x_wconf 87' lang='lat' dir='ltr'>virum</span> <span class='ocrx_word' id='word_1_116' title='bbox 873 1383 914 1418; x_wconf 89' lang='lat' dir='ltr'>et</span> <span class='ocrx_word' id='word_1_117' title='bbox 936 1383 1113 1419; x_wconf 88' lang='lat' dir='ltr'>maestas</span> <span class='ocrx_word' id='word_1_118' title='bbox 1139 1391 1376 1431; x_wconf 85' lang='lat' dir='ltr'>expromere</span> <span class='ocrx_word' id='word_1_119' title='bbox 1400 1391 1543 1418; x_wconf 88' lang='lat' dir='ltr'>voces:</span> 
     </span>
    </p>

    <p class='ocr_par' dir='ltr' id='par_1_26' title="bbox 469 1437 1521 1493">
     <span class='ocr_line' id='line_1_27' title="bbox 469 1437 1521 1493; baseline -0.001 -14"><span class='ocrx_word' id='word_1_120' title='bbox 469 1453 517 1489; x_wconf 91' lang='lat' dir='ltr'>„o</span> <span class='ocrx_word' id='word_1_121' title='bbox 540 1439 612 1479; x_wconf 86' lang='lat' dir='ltr'>lux</span> <span class='ocrx_word' id='word_1_122' title='bbox 634 1438 888 1488; x_wconf 84' lang='lat' dir='ltr'>Dardaniae,</span> <span class='ocrx_word' id='word_1_123' title='bbox 915 1453 1008 1493; x_wconf 90' lang='lat' dir='ltr'>spes</span> <span class='ocrx_word' id='word_1_124' title='bbox 1033 1452 1058 1479; x_wconf 95' lang='lat' dir='ltr'>o</span> <span class='ocrx_word' id='word_1_125' title='bbox 1080 1437 1280 1479; x_wconf 82' lang='lat' dir='ltr'>fidissima</span> <span class='ocrx_word' id='word_1_126' title='bbox 1303 1438 1521 1487; x_wconf 85' lang='lat' dir='ltr'>Teucrum,</span> 
     </span>
    </p>

    <p class='ocr_par' dir='ltr' id='par_1_27' title="bbox 466 1497 1642 1552">
     <span class='ocr_line' id='line_1_28' title="bbox 466 1497 1642 1552; baseline 0 -13"><span class='ocrx_word' id='word_1_127' title='bbox 466 1514 570 1552; x_wconf 87' lang='lat' dir='ltr'>quae</span> <span class='ocrx_word' id='word_1_128' title='bbox 594 1505 729 1540; x_wconf 89' lang='lat' dir='ltr'>tantae</span> <span class='ocrx_word' id='word_1_129' title='bbox 753 1504 918 1540; x_wconf 90' lang='lat' dir='ltr'>tenuere</span> <span class='ocrx_word' id='word_1_130' title='bbox 941 1499 1103 1540; x_wconf 89' lang='lat' dir='ltr'>morae?</span> <span class='ocrx_word' id='word_1_131' title='bbox 1126 1498 1274 1552; x_wconf 90' lang='lat' dir='ltr'>quibus</span> <span class='ocrx_word' id='word_1_132' title='bbox 1299 1498 1457 1539; x_wconf 90' lang='lat' dir='ltr'>Hector</span> <span class='ocrx_word' id='word_1_133' title='bbox 1485 1497 1537 1540; x_wconf 89' lang='lat' dir='ltr'>ab</span> <span class='ocrx_word' id='word_1_134' title='bbox 1562 1498 1642 1539; x_wconf 87' lang='lat' dir='ltr'>oris</span> 
     </span>
    </p>

    <p class='ocr_par' dir='ltr' id='par_1_28' title="bbox 467 1559 1444 1614">
     <span class='ocr_line' id='line_1_29' title="bbox 467 1559 1444 1614; baseline 0 -14"><span class='ocrx_word' id='word_1_135' title='bbox 467 1566 699 1614; x_wconf 88' lang='lat' dir='ltr'>exspectate</span> <span class='ocrx_word' id='word_1_136' title='bbox 722 1560 862 1601; x_wconf 83' lang='lat' dir='ltr'>venis?</span> <span class='ocrx_word' id='word_1_137' title='bbox 884 1565 930 1600; x_wconf 91' lang='lat' dir='ltr'>ut</span> <span class='ocrx_word' id='word_1_138' title='bbox 953 1565 992 1601; x_wconf 89' lang='lat' dir='ltr'>te</span> <span class='ocrx_word' id='word_1_139' title='bbox 1014 1565 1110 1614; x_wconf 87' lang='lat' dir='ltr'>post</span> <span class='ocrx_word' id='word_1_140' title='bbox 1131 1559 1259 1600; x_wconf 85' lang='lat' dir='ltr'>multa</span> <span class='ocrx_word' id='word_1_141' title='bbox 1282 1565 1444 1601; x_wconf 90' lang='lat' dir='ltr'>tuorum</span> 
     </span>
    </p>

    <p class='ocr_par' dir='ltr' id='par_1_29' title="bbox 466 1619 1620 1674">
     <span class='ocr_line' id='line_1_30' title="bbox 466 1619 1620 1674; baseline -0.001 -14"><span class='ocrx_word' id='word_1_142' title='bbox 466 1620 628 1668; x_wconf 89' lang='lat' dir='ltr'>funera,</span> <span class='ocrx_word' id='word_1_143' title='bbox 653 1626 748 1674; x_wconf 89' lang='lat' dir='ltr'>post</span> <span class='ocrx_word' id='word_1_144' title='bbox 769 1620 903 1662; x_wconf 87' lang='lat' dir='ltr'>varios</span> <span class='ocrx_word' id='word_1_145' title='bbox 927 1620 1218 1673; x_wconf 90' lang='lat' dir='ltr'>hominumque</span> <span class='ocrx_word' id='word_1_146' title='bbox 1243 1620 1436 1674; x_wconf 83' lang='lat' dir='ltr'>urbisque</span> <span class='ocrx_word' id='word_1_147' title='bbox 1459 1619 1620 1661; x_wconf 89' lang='lat' dir='ltr'>labores</span> 
     </span>
    </p>

    <p class='ocr_par' dir='ltr' id='par_1_30' title="bbox 467 1680 1560 1737">
     <span class='ocr_line' id='line_1_31' title="bbox 467 1680 1560 1737; baseline 0.001 -17"><span class='ocrx_word' id='word_1_148' title='bbox 467 1680 620 1721; x_wconf 83' lang='lat' dir='ltr'>defessi</span> <span class='ocrx_word' id='word_1_149' title='bbox 643 1680 881 1734; x_wconf 81' lang='lat' dir='ltr'>aspicimus!</span> <span class='ocrx_word' id='word_1_150' title='bbox 906 1695 1011 1735; x_wconf 90' lang='lat' dir='ltr'>quae</span> <span class='ocrx_word' id='word_1_151' title='bbox 1035 1695 1182 1723; x_wconf 87' lang='lat' dir='ltr'>caussa</span> <span class='ocrx_word' id='word_1_152' title='bbox 1205 1681 1373 1737; x_wconf 86' lang='lat' dir='ltr'>indigna</span> <span class='ocrx_word' id='word_1_153' title='bbox 1396 1695 1560 1722; x_wconf 89' lang='lat' dir='ltr'>serenos</span> 
     </span>
    </p>

    <p class='ocr_par' dir='ltr' id='par_1_31' title="bbox 468 1741 1532 1783">
     <span class='ocr_line' id='line_1_32' title="bbox 468 1741 1532 1783; baseline 0.001 -3"><span class='ocrx_word' id='word_1_154' title='bbox 468 1741 649 1781; x_wconf 87' lang='lat' dir='ltr'>foedavit</span> <span class='ocrx_word' id='word_1_155' title='bbox 673 1741 831 1782; x_wconf 88' lang='lat' dir='ltr'>voltus?</span> <span class='ocrx_word' id='word_1_156' title='bbox 854 1748 924 1782; x_wconf 92' lang='lat' dir='ltr'>aut</span> <span class='ocrx_word' id='word_1_157' title='bbox 947 1756 1019 1783; x_wconf 88' lang='lat' dir='ltr'>cur</span> <span class='ocrx_word' id='word_1_158' title='bbox 1041 1742 1143 1783; x_wconf 88' lang='lat' dir='ltr'>haee</span> <span class='ocrx_word' id='word_1_159' title='bbox 1166 1742 1333 1783; x_wconf 87' lang='lat' dir='ltr'>volnera</span> <span class='ocrx_word' id='word_1_160' title='bbox 1356 1741 1532 1783; x_wconf 85' lang='lat' dir='ltr'>cerno?“</span> 
     </span>
    </p>

    <p class='ocr_par' dir='ltr' id='par_1_32' title="bbox 466 1800 1494 1854">
     <span class='ocr_line' id='line_1_33' title="bbox 466 1800 1494 1854; baseline 0.002 -13"><span class='ocrx_word' id='word_1_161' title='bbox 466 1802 534 1842; x_wconf 92' lang='lat' dir='ltr'>ille</span> <span class='ocrx_word' id='word_1_162' title='bbox 558 1800 675 1850; x_wconf 90' lang='lat' dir='ltr'>nihil,</span> <span class='ocrx_word' id='word_1_163' title='bbox 701 1815 777 1841; x_wconf 84' lang='lat' dir='ltr'>nee</span> <span class='ocrx_word' id='word_1_164' title='bbox 800 1816 865 1841; x_wconf 91' lang='lat' dir='ltr'>me</span> <span class='ocrx_word' id='word_1_165' title='bbox 889 1808 1151 1854; x_wconf 90' lang='lat' dir='ltr'>quaerentem</span> <span class='ocrx_word' id='word_1_166' title='bbox 1174 1818 1281 1844; x_wconf 88' lang='lat' dir='ltr'>vana</span> <span class='ocrx_word' id='word_1_167' title='bbox 1303 1808 1494 1851; x_wconf 88' lang='lat' dir='ltr'>moratur,</span> 
     </span>
    </p>

    <p class='ocr_par' dir='ltr' id='par_1_33' title="bbox 470 1861 1501 1918">
     <span class='ocr_line' id='line_1_34' title="bbox 470 1861 1501 1918; baseline 0.001 -15"><span class='ocrx_word' id='word_1_168' title='bbox 470 1862 544 1903; x_wconf 91' lang='lat' dir='ltr'>sed</span> <span class='ocrx_word' id='word_1_169' title='bbox 565 1861 743 1916; x_wconf 85' lang='lat' dir='ltr'>graviter</span> <span class='ocrx_word' id='word_1_170' title='bbox 766 1862 942 1916; x_wconf 87' lang='lat' dir='ltr'>gemitus</span> <span class='ocrx_word' id='word_1_171' title='bbox 966 1863 1047 1903; x_wconf 91' lang='lat' dir='ltr'>imo</span> <span class='ocrx_word' id='word_1_172' title='bbox 1071 1864 1122 1904; x_wconf 93' lang='lat' dir='ltr'>de</span> <span class='ocrx_word' id='word_1_173' title='bbox 1146 1870 1309 1918; x_wconf 89' lang='lat' dir='ltr'>pectore</span> <span class='ocrx_word' id='word_1_174' title='bbox 1333 1863 1501 1913; x_wconf 91' lang='lat' dir='ltr'>ducens,</span> 
     </span>
    </p>
   </div>
   <div class='ocr_carea' id='block_1_11' title="bbox 468 1922 1711 2031">
    <p class='ocr_par' dir='ltr' id='par_1_34' title="bbox 468 1922 1711 2031">
     <span class='ocr_line' id='line_1_35' title="bbox 472 1922 1711 1978; baseline 0.002 -16"><span class='ocrx_word' id='word_1_175' title='bbox 472 1923 578 1973; x_wconf 88' lang='lat' dir='ltr'>„heu</span> <span class='ocrx_word' id='word_1_176' title='bbox 600 1922 718 1977; x_wconf 83' lang='lat' dir='ltr'>fuge,</span> <span class='ocrx_word' id='word_1_177' title='bbox 743 1928 837 1962; x_wconf 90' lang='lat' dir='ltr'>nate</span> <span class='ocrx_word' id='word_1_178' title='bbox 862 1922 958 1971; x_wconf 91' lang='lat' dir='ltr'>dea,</span> <span class='ocrx_word' id='word_1_179' title='bbox 984 1928 1103 1975; x_wconf 90' lang='lat' dir='ltr'>teque</span> <span class='ocrx_word' id='word_1_180' title='bbox 1126 1924 1237 1973; x_wconf 88' lang='lat' dir='ltr'>his,“</span> <span class='ocrx_word' id='word_1_181' title='bbox 1263 1925 1337 1974; x_wconf 88' lang='lat' dir='ltr'>ait,</span> <span class='ocrx_word' id='word_1_182' title='bbox 1364 1924 1500 1978; x_wconf 89' lang='lat' dir='ltr'>„eripe</span> <span class='ocrx_word' id='word_1_183' title='bbox 1524 1924 1711 1965; x_wconf 88' lang='lat' dir='ltr'>flammis.</span> 
     </span>
     <span class='ocr_line' id='line_1_36' title="bbox 468 1982 1539 2031; baseline 0 -7"><span class='ocrx_word' id='word_1_184' title='bbox 468 1983 597 2024; x_wconf 88' lang='lat' dir='ltr'>hostis</span> <span class='ocrx_word' id='word_1_185' title='bbox 621 1982 746 2023; x_wconf 89' lang='lat' dir='ltr'>habet</span> <span class='ocrx_word' id='word_1_186' title='bbox 767 1996 925 2031; x_wconf 86' lang='lat' dir='ltr'>muros3</span> <span class='ocrx_word' id='word_1_187' title='bbox 948 1982 1030 2022; x_wconf 89' lang='lat' dir='ltr'>ruit</span> <span class='ocrx_word' id='word_1_188' title='bbox 1053 1983 1134 2023; x_wconf 88' lang='lat' dir='ltr'>alta</span> <span class='ocrx_word' id='word_1_189' title='bbox 1157 1999 1182 2023; x_wconf 90' lang='lat' dir='ltr'>a</span> <span class='ocrx_word' id='word_1_190' title='bbox 1205 1985 1379 2026; x_wconf 90' lang='lat' dir='ltr'>culmine</span> <span class='ocrx_word' id='word_1_191' title='bbox 1404 1984 1539 2026; x_wconf 85' lang='lat' dir='ltr'>Troia.</span> 
     </span>
    </p>
   </div>
   <div class='ocr_carea' id='block_1_12' title="bbox 469 2042 1640 2766">
    <p class='ocr_par' dir='ltr' id='par_1_35' title="bbox 469 2042 1640 2766">
     <span class='ocr_line' id='line_1_37' title="bbox 471 2042 1614 2100; baseline 0.002 -16"><span class='ocrx_word' id='word_1_192' title='bbox 471 2050 534 2084; x_wconf 89' lang='lat' dir='ltr'>sat</span> <span class='ocrx_word' id='word_1_193' title='bbox 555 2043 710 2098; x_wconf 87' lang='lat' dir='ltr'>patriae</span> <span class='ocrx_word' id='word_1_194' title='bbox 733 2042 980 2095; x_wconf 86' lang='lat' dir='ltr'>Priamoque</span> <span class='ocrx_word' id='word_1_195' title='bbox 1004 2042 1162 2083; x_wconf 88' lang='lat' dir='ltr'>datum:</span> <span class='ocrx_word' id='word_1_196' title='bbox 1189 2043 1224 2083; x_wconf 87' lang='lat' dir='ltr'>si</span> <span class='ocrx_word' id='word_1_197' title='bbox 1245 2044 1449 2100; x_wconf 87' lang='lat' dir='ltr'>Pergama</span> <span class='ocrx_word' id='word_1_198' title='bbox 1473 2046 1614 2087; x_wconf 88' lang='lat' dir='ltr'>dextra</span> 
     </span>
     <span class='ocr_line' id='line_1_38' title="bbox 470 2102 1494 2158; baseline 0.002 -14"><span class='ocrx_word' id='word_1_199' title='bbox 470 2103 635 2145; x_wconf 84' lang='lat' dir='ltr'>defendi</span> <span class='ocrx_word' id='word_1_200' title='bbox 656 2109 844 2158; x_wconf 83' lang='lat' dir='ltr'>possent,</span> <span class='ocrx_word' id='word_1_201' title='bbox 870 2103 992 2143; x_wconf 90' lang='lat' dir='ltr'>etiam</span> <span class='ocrx_word' id='word_1_202' title='bbox 1015 2102 1092 2143; x_wconf 89' lang='lat' dir='ltr'>hae</span> <span class='ocrx_word' id='word_1_203' title='bbox 1116 2102 1287 2144; x_wconf 84' lang='lat' dir='ltr'>defensa</span> <span class='ocrx_word' id='word_1_204' title='bbox 1310 2103 1494 2147; x_wconf 86' lang='lat' dir='ltr'>fuissent.</span> 
     </span>
     <span class='ocr_line' id='line_1_39' title="bbox 471 2163 1531 2217; baseline 0 -11"><span class='ocrx_word' id='word_1_205' title='bbox 471 2179 586 2206; x_wconf 87' lang='lat' dir='ltr'>sacra</span> <span class='ocrx_word' id='word_1_206' title='bbox 609 2178 786 2217; x_wconf 86' lang='lat' dir='ltr'>suosque</span> <span class='ocrx_word' id='word_1_207' title='bbox 810 2163 884 2205; x_wconf 90' lang='lat' dir='ltr'>tibi</span> <span class='ocrx_word' id='word_1_208' title='bbox 908 2163 1164 2204; x_wconf 88' lang='lat' dir='ltr'>commendat</span> <span class='ocrx_word' id='word_1_209' title='bbox 1187 2163 1313 2205; x_wconf 88' lang='lat' dir='ltr'>Troia</span> <span class='ocrx_word' id='word_1_210' title='bbox 1334 2163 1531 2214; x_wconf 80' lang='lat' dir='ltr'>Penates3</span> 
     </span>
     <span class='ocr_line' id='line_1_40' title="bbox 469 2223 1527 2280; baseline -0.001 -13"><span class='ocrx_word' id='word_1_211' title='bbox 469 2226 544 2267; x_wconf 88' lang='lat' dir='ltr'>hos</span> <span class='ocrx_word' id='word_1_212' title='bbox 569 2239 669 2280; x_wconf 88' lang='lat' dir='ltr'>cape</span> <span class='ocrx_word' id='word_1_213' title='bbox 693 2224 870 2266; x_wconf 88' lang='lat' dir='ltr'>fatorum</span> <span class='ocrx_word' id='word_1_214' title='bbox 894 2224 1082 2274; x_wconf 88' lang='lat' dir='ltr'>comites,</span> <span class='ocrx_word' id='word_1_215' title='bbox 1106 2223 1171 2266; x_wconf 89' lang='lat' dir='ltr'>his</span> <span class='ocrx_word' id='word_1_216' title='bbox 1195 2224 1356 2266; x_wconf 88' lang='lat' dir='ltr'>moenia</span> <span class='ocrx_word' id='word_1_217' title='bbox 1378 2239 1527 2278; x_wconf 89' lang='lat' dir='ltr'>quaere</span> 
     </span>
     <span class='ocr_line' id='line_1_41' title="bbox 470 2285 1558 2342; baseline 0 -15"><span class='ocrx_word' id='word_1_218' title='bbox 470 2301 637 2342; x_wconf 84' lang='lat' dir='ltr'>magna,</span> <span class='ocrx_word' id='word_1_219' title='bbox 661 2290 867 2340; x_wconf 90' lang='lat' dir='ltr'>pererrato</span> <span class='ocrx_word' id='word_1_220' title='bbox 891 2290 1045 2326; x_wconf 83' lang='lat' dir='ltr'>statues</span> <span class='ocrx_word' id='word_1_221' title='bbox 1069 2298 1174 2338; x_wconf 86' lang='lat' dir='ltr'>quae</span> <span class='ocrx_word' id='word_1_222' title='bbox 1198 2285 1373 2339; x_wconf 90' lang='lat' dir='ltr'>denique</span> <span class='ocrx_word' id='word_1_223' title='bbox 1395 2289 1558 2340; x_wconf 83' lang='lat' dir='ltr'>ponto.“</span> 
     </span>
     <span class='ocr_line' id='line_1_42' title="bbox 471 2345 1562 2401; baseline 0 -14"><span class='ocrx_word' id='word_1_224' title='bbox 471 2346 530 2387; x_wconf 89' lang='lat' dir='ltr'>sic</span> <span class='ocrx_word' id='word_1_225' title='bbox 553 2347 627 2396; x_wconf 85' lang='lat' dir='ltr'>ait,</span> <span class='ocrx_word' id='word_1_226' title='bbox 653 2352 694 2387; x_wconf 88' lang='lat' dir='ltr'>et</span> <span class='ocrx_word' id='word_1_227' title='bbox 716 2345 906 2387; x_wconf 89' lang='lat' dir='ltr'>manibus</span> <span class='ocrx_word' id='word_1_228' title='bbox 930 2346 1052 2387; x_wconf 87' lang='lat' dir='ltr'>vittas</span> <span class='ocrx_word' id='word_1_229' title='bbox 1076 2345 1331 2399; x_wconf 86' lang='lat' dir='ltr'>Vestamque</span> <span class='ocrx_word' id='word_1_230' title='bbox 1353 2352 1562 2401; x_wconf 88' lang='lat' dir='ltr'>potentem</span> 
     </span>
     <span class='ocr_line' id='line_1_43' title="bbox 470 2406 1531 2462; baseline 0 -14"><span class='ocrx_word' id='word_1_231' title='bbox 470 2413 760 2460; x_wconf 89' lang='lat' dir='ltr'>aeternumque</span> <span class='ocrx_word' id='word_1_232' title='bbox 784 2407 918 2462; x_wconf 87' lang='lat' dir='ltr'>adytis</span> <span class='ocrx_word' id='word_1_233' title='bbox 943 2406 1060 2448; x_wconf 86' lang='lat' dir='ltr'>effert</span> <span class='ocrx_word' id='word_1_234' title='bbox 1081 2406 1358 2462; x_wconf 84' lang='lat' dir='ltr'>penetralibus</span> <span class='ocrx_word' id='word_1_235' title='bbox 1381 2407 1531 2462; x_wconf 85' lang='lat' dir='ltr'>ignem.</span> 
     </span>
     <span class='ocr_line' id='line_1_44' title="bbox 525 2467 1454 2517; baseline -0.001 -8"><span class='ocrx_word' id='word_1_236' title='bbox 525 2467 703 2509; x_wconf 90' lang='lat' dir='ltr'>Diverso</span> <span class='ocrx_word' id='word_1_237' title='bbox 725 2467 880 2509; x_wconf 89' lang='lat' dir='ltr'>interea</span> <span class='ocrx_word' id='word_1_238' title='bbox 902 2468 1125 2509; x_wconf 87' lang='lat' dir='ltr'>miscentur</span> <span class='ocrx_word' id='word_1_239' title='bbox 1146 2468 1308 2509; x_wconf 91' lang='lat' dir='ltr'>moenia</span> <span class='ocrx_word' id='word_1_240' title='bbox 1328 2467 1454 2517; x_wconf 87' lang='lat' dir='ltr'>luctu,</span> 
     </span>
     <span class='ocr_line' id='line_1_45' title="bbox 471 2528 1640 2584; baseline 0.001 -15"><span class='ocrx_word' id='word_1_241' title='bbox 471 2535 511 2569; x_wconf 88' lang='lat' dir='ltr'>et</span> <span class='ocrx_word' id='word_1_242' title='bbox 533 2528 665 2584; x_wconf 87' lang='lat' dir='ltr'>magis</span> <span class='ocrx_word' id='word_1_243' title='bbox 689 2534 812 2582; x_wconf 89' lang='lat' dir='ltr'>atque</span> <span class='ocrx_word' id='word_1_244' title='bbox 835 2528 986 2584; x_wconf 86' lang='lat' dir='ltr'>magis,</span> <span class='ocrx_word' id='word_1_245' title='bbox 1012 2543 1261 2583; x_wconf 89' lang='lat' dir='ltr'>quamquam</span> <span class='ocrx_word' id='word_1_246' title='bbox 1284 2534 1440 2570; x_wconf 82' lang='lat' dir='ltr'>secreta</span> <span class='ocrx_word' id='word_1_247' title='bbox 1461 2529 1640 2582; x_wconf 84' lang='lat' dir='ltr'>parentis</span> 
     </span>
     <span class='ocr_line' id='line_1_46' title="bbox 470 2589 1552 2643; baseline -0.001 -13"><span class='ocrx_word' id='word_1_248' title='bbox 470 2589 679 2631; x_wconf 84' lang='lat' dir='ltr'>Anchisae</span> <span class='ocrx_word' id='word_1_249' title='bbox 703 2589 849 2631; x_wconf 89' lang='lat' dir='ltr'>domus</span> <span class='ocrx_word' id='word_1_250' title='bbox 874 2589 1166 2643; x_wconf 89' lang='lat' dir='ltr'>arboribusque</span> <span class='ocrx_word' id='word_1_251' title='bbox 1191 2589 1351 2631; x_wconf 86' lang='lat' dir='ltr'>obtecta</span> <span class='ocrx_word' id='word_1_252' title='bbox 1372 2589 1552 2638; x_wconf 88' lang='lat' dir='ltr'>recessit,</span> 
     </span>
     <span class='ocr_line' id='line_1_47' title="bbox 472 2649 1556 2705; baseline 0 -15"><span class='ocrx_word' id='word_1_253' title='bbox 472 2649 697 2691; x_wconf 88' lang='lat' dir='ltr'>clarescunt</span> <span class='ocrx_word' id='word_1_254' title='bbox 722 2650 897 2700; x_wconf 88' lang='lat' dir='ltr'>sonitus,</span> <span class='ocrx_word' id='word_1_255' title='bbox 922 2665 1208 2704; x_wconf 88' lang='lat' dir='ltr'>armorumque</span> <span class='ocrx_word' id='word_1_256' title='bbox 1231 2649 1383 2705; x_wconf 87' lang='lat' dir='ltr'>ingruit</span> <span class='ocrx_word' id='word_1_257' title='bbox 1405 2649 1556 2690; x_wconf 86' lang='lat' dir='ltr'>horror.</span> 
     </span>
     <span class='ocr_line' id='line_1_48' title="bbox 471 2709 1362 2766; baseline 0 -16"><span class='ocrx_word' id='word_1_258' title='bbox 471 2710 653 2751; x_wconf 84' lang='lat' dir='ltr'>excutior</span> <span class='ocrx_word' id='word_1_259' title='bbox 677 2725 820 2752; x_wconf 87' lang='lat' dir='ltr'>somno</span> <span class='ocrx_word' id='word_1_260' title='bbox 844 2717 885 2752; x_wconf 90' lang='lat' dir='ltr'>et</span> <span class='ocrx_word' id='word_1_261' title='bbox 907 2710 1057 2751; x_wconf 88' lang='lat' dir='ltr'>summi</span> <span class='ocrx_word' id='word_1_262' title='bbox 1080 2710 1245 2766; x_wconf 84' lang='lat' dir='ltr'>fastigia</span> <span class='ocrx_word' id='word_1_263' title='bbox 1267 2709 1362 2751; x_wconf 88' lang='lat' dir='ltr'>teeti</span> 
     </span>
    </p>
   </div>
  </div>
 </body>
</html>
