1800 3106
594 280 854 320 AENEJDOS
871 281 971 318 LIB.
991 281 1060 317 XI.

143 390 372 435 succedunt
394 393 547 431 matres
572 393 614 430 et
637 386 838 443 templum
862 393 953 428 ture
977 392 1180 442 vaporant

142 461 185 496 et
206 458 388 496 maestas
411 450 496 494 alto
519 449 701 492 fundunt
723 449 777 492 de
799 448 941 491 limine
963 462 1109 491 voces:

144 515 441 572 „armipotens‚
465 527 635 569 praeses
658 511 776 562 belli,
801 510 991 555 Tritonia
1012 511 1145 568 virgo,

140 577 289 634 frange
311 591 440 619 manu
463 575 592 618 telum
613 573 790 631 Phrygii
812 573 1033 630 praedonis
1057 579 1100 616 et
1121 573 1261 629 ipsum

140 655 319 698 pronum
343 646 481 682 sterne
506 637 612 689 solo,
636 637 851 694 portisque
875 636 1044 680 effunde
1069 635 1147 679 sub
1172 636 1309 679 altis.“

142 702 320 759 cingitur
342 702 434 758 ipse
457 701 601 743 furens
625 699 812 742 certatim
834 699 879 742 in
900 698 1059 756 proelia
1082 698 1263 741 Turnus.

141 764 307 820 iamque
331 764 436 806 adeo
459 762 644 805 rutulum
667 762 837 804 thoraca
858 762 1029 804 indutus
1053 761 1169 804 aenis

141 826 335 870 horrebat
359 825 562 881 squamis,
588 838 791 880 surasque
812 823 1038 867 incluserat
1060 838 1175 875 auro,

142 897 329 945 tempora
350 887 488 930 nudus
512 887 667 938 adhuc,
691 886 893 941 laterique
916 885 1152 929 accinxerat
1176 900 1333 937 ensem,

142 950 412 1008 fulgebatque
436 950 521 992 alta
542 949 766 992 decurrens
789 963 940 992 aureus
964 963 1072 1000 arce,

143 1012 405 1067 exsultatque
428 1012 578 1055 animis
602 1017 644 1054 et
667 1025 742 1067 spe
764 1011 850 1053 iam
872 1011 1074 1067 praecipit
1096 1010 1273 1061 hostem,

142 1075 277 1130 qualis
300 1073 374 1117 ubi
397 1073 584 1130 abruptis
607 1073 718 1130 fugit
739 1072 959 1129 praesepia
981 1072 1130 1115 vinclis

144 1137 312 1180 tandem
334 1135 440 1179 liber
462 1149 614 1190 equus,
639 1149 870 1192 campoque
892 1134 1049 1191 potitus
1074 1140 1218 1191 aperto

144 1205 217 1242 aut
237 1198 308 1242 ille
330 1197 374 1240 in
395 1204 541 1255 pastus
565 1203 835 1252 armentaque
858 1197 990 1239 tendit
1013 1212 1227 1252 equarum,

146 1267 218 1303 aut
241 1260 438 1303 adsuetus
463 1274 597 1314 aquae
618 1259 814 1315 perfundi
837 1259 1008 1302 flumine
1031 1266 1132 1302 noto

147 1322 314 1372 emicat,
340 1322 591 1376 arrectisque
615 1322 754 1363 fremit
777 1322 1009 1364 cervicibus
1034 1322 1116 1364 alte

146 1384 380 1435 luxurians,
404 1384 635 1438 luduntque
658 1383 782 1426 iubae
804 1398 881 1439 per
903 1384 1028 1435 colla,
1053 1398 1130 1439 per
1151 1398 1303 1427 armos.

148 1447 272 1490 obvia
296 1447 364 1488 cui
387 1445 639 1488 Volscorum
662 1445 751 1488 acie
776 1446 999 1488 comitante
1024 1445 1205 1488 Camilla

148 1508 344 1559 occurrit,
368 1508 582 1564 portisque
606 1507 660 1550 ab
684 1522 793 1562 equo
815 1508 962 1565 regina
985 1507 1064 1551 sub
1087 1508 1191 1564 ipsis

148 1570 331 1621 desiluit,
356 1585 483 1625 quam
507 1576 594 1612 tota
616 1569 764 1612 cohors
788 1570 948 1612 imitata
969 1570 1123 1612 relictis

148 1633 202 1675 ad
225 1639 377 1675 terram
400 1632 573 1675 defluxit
596 1632 734 1687 equis3
759 1638 849 1675 tum
872 1632 972 1675 talia
993 1632 1123 1675 fatur:

150 1694 338 1747 „Tm-ne,
365 1694 430 1737 sui
452 1694 600 1736 merito
624 1695 662 1737 si
684 1709 768 1750 qua
791 1701 856 1737 est
877 1695 1031 1738 fiducia
1052 1694 1163 1746 forti,

149 1757 282 1799 audeo
307 1763 349 1799 et
370 1755 623 1799 Aeneadum
644 1757 839 1813 promitto
862 1771 1077 1800 occurrere
1100 1763 1260 1799 turmae

150 1819 321 1874 solaque
345 1818 584 1874 Tyrrhenos
609 1819 770 1873 equites
792 1819 853 1862 ire
877 1819 1002 1862 obvia
1024 1826 1179 1862 contra.

148 1895 215 1923 me
240 1881 330 1923 sine
352 1881 487 1937 prima
509 1896 636 1923 manu
659 1887 862 1938 temptare
883 1882 1068 1938 pericula
1091 1881 1202 1931 belli,

149 1951 194 1984 tu
217 1943 346 1999 pedes
370 1943 424 1985 ad
447 1958 588 1986 muros
613 1943 795 1986 subsiste
818 1950 860 1986 et
881 1943 1047 1986 moenia
1069 1945 1230 1985 serva.“

149 2005 317 2047 Turnus
341 2005 394 2047 ad
418 2005 539 2056 haee,
565 2005 709 2048 oculos
732 2004 937 2048 horrenda
959 2005 1004 2047 in
1025 2005 1187 2061 virgine
1210 2004 1338 2046 fixus:

149 2081 202 2119 „o
225 2067 352 2110 decus
376 2067 521 2109 Italiae
545 2067 682 2125 virgo,
708 2082 814 2123 quas
838 2068 976 2110 dicere
999 2073 1154 2124 grates,

147 2143 305 2184 quasve
327 2129 480 2171 referre
503 2130 671 2185 parem?
695 2130 770 2172 sed
793 2145 922 2181 nune,
949 2136 1013 2172 est
1037 2129 1177 2171 omnia
1200 2129 1367 2184 quando

147 2191 227 2233 iste
249 2191 411 2233 animus
437 2206 580 2247 supra,
605 2206 769 2234 mecum
792 2193 946 2248 partire
967 2191 1166 2234 laborem.

150 2251 336 2303 Aeneas,
361 2258 408 2294 ut
430 2252 545 2294 fama
567 2253 692 2295 fidem
715 2253 916 2308 missique
939 2258 1151 2308 reportant

150 2313 448 2369 exploratores,
474 2314 660 2368 equitum
682 2314 793 2356 levia
813 2314 1013 2370 inprobus
1038 2329 1154 2356 arma

150 2374 380 2431 praemisit,
406 2380 622 2429 quaterent
645 2389 834 2431 campos,
858 2376 950 2431 ipse
973 2376 1103 2418 ardua
1125 2375 1278 2417 montis

151 2453 224 2493 per
247 2438 411 2479 deserta
433 2437 533 2493 iugo
558 2452 759 2493 superans
783 2438 978 2480 adventat
1001 2438 1055 2480 ad
1077 2437 1236 2480 urbem.

151 2500 262 2542 furta
283 2514 385 2555 paro
409 2499 508 2542 belli
531 2514 716 2542 convexo
739 2500 782 2541 in
806 2500 966 2542 tramite
991 2500 1134 2550 silvae,

152 2568 197 2603 ut
219 2561 353 2604 bivias
378 2567 536 2604 armato
560 2561 750 2605 obsidam
772 2562 902 2605 milite
925 2562 1083 2605 fauces.

152 2630 198 2665 tu
220 2623 486 2679 Tyrrhenum
508 2624 690 2679 equitem
714 2624 874 2668 collatis
899 2625 1044 2681 excipe
1069 2624 1220 2681 signis3

152 2692 289 2727 tecum
312 2701 408 2728 acer
429 2685 656 2742 Messapus
680 2686 759 2728 erit
780 2693 1022 2741 turmaeque
1046 2686 1225 2728 Latinae

153 2746 398 2803 Tiburtique
421 2763 589 2800 manus;
614 2748 732 2791 ducis
757 2754 798 2791 et
821 2755 867 2790 tu
890 2748 1061 2804 concipe
1086 2750 1267 2790 euram.“

1421 273 1502 316 311

1534 649 1601 681 485

1538 963 1604 994 490

1540 1273 1606 1304 495

1543 1583 1608 1614 500

1542 1893 1607 1924 505

1541 2204 1606 2235 510

1541 2513 1605 2543 515
