1794 3048
302 1541 341 1570 10

302 1844 341 1872 15

300 2143 342 2173 20

370 258 449 299 130
764 264 806 297 Ρ.
825 261 1053 298 VERGILII
1071 259 1294 297 MARONIS

773 646 1297 698 AENEIDOS

843 853 1098 890 LIBER
1145 853 1220 889 III.

420 984 645 1037 Postquam
668 997 732 1024 res
756 981 885 1023 Asiae
907 981 1142 1034 Priamique
1166 986 1345 1022 evertere
1367 988 1531 1036 gentem

364 1045 590 1085 inmeritam
613 1044 747 1084 visum
772 1042 947 1097 superis,
972 1042 1196 1095 ceciditque
1221 1041 1440 1095 superbum

364 1106 487 1146 Ilium
511 1111 551 1145 et
573 1104 704 1145 omnis
728 1103 853 1143 humo
877 1102 1009 1143 fumat
1029 1101 1235 1156 Neptunia
1259 1102 1395 1151 Troia,

365 1166 526 1206 diversa
549 1165 692 1206 exsilia
715 1170 755 1204 et
778 1164 959 1204 desertas
982 1177 1176 1216 quaerere
1199 1170 1326 1204 terras

365 1225 545 1280 auguriis
569 1225 729 1280 agimur
751 1224 907 1272 divom,
933 1222 1186 1275 classemque
1210 1222 1286 1263 sub
1309 1223 1400 1277 ipsa

364 1285 579 1326 Antandro
603 1291 643 1326 et
665 1284 872 1338 Phrygiae
895 1283 1086 1323 molimur
1108 1282 1314 1324 montibus
1337 1282 1450 1330 Idae,

365 1346 506 1386 incerti
529 1360 611 1398 quo
634 1345 720 1385 fata
742 1345 891 1392 ferant,
918 1342 988 1384 ubi
1012 1343 1153 1383 sistere
1177 1343 1306 1393 detur,

365 1406 719 1457 contrahimusque
742 1404 863 1445 viros.
888 1403 959 1444 vix
981 1403 1112 1457 prima
1134 1403 1339 1457 inceperat
1362 1410 1509 1454 aestas,

365 1473 405 1507 et
427 1472 542 1520 pater
563 1465 769 1506 Anchises
793 1464 888 1505 dare
912 1463 1007 1505 fatis
1030 1464 1122 1504 vela
1144 1463 1327 1505 iubebat:

365 1527 481 1567 litora
504 1541 597 1567 cum
619 1525 773 1580 patriae
796 1525 1011 1565 lacrimans
1034 1530 1256 1578 portusque
1278 1524 1462 1578 relinquo

365 1594 405 1628 et
434 1601 618 1641 campos,
642 1585 714 1627 ubi
737 1585 861 1627 Troia
884 1585 972 1625 fuit.
997 1585 1107 1626 feror
1129 1584 1247 1626 exsul
1268 1585 1311 1625 in
1333 1585 1461 1626 altum

365 1662 459 1689 cum
483 1647 603 1688 sociis
627 1653 833 1702 gnatoque
855 1644 1079 1686 Penatibus
1104 1650 1145 1686 et
1167 1645 1326 1700 magnis
1350 1645 1426 1685 dis.

421 1708 549 1749 Terra
570 1707 712 1762 procul
735 1706 862 1748 vastis
886 1706 1031 1747 colitur
1052 1705 1258 1747 Mavortia
1281 1705 1449 1759 campis,

367 1768 547 1809 Thraces
571 1773 703 1817 arant,
729 1767 811 1808 acri
834 1767 1040 1820 quondam
1061 1771 1232 1821 regnata
1253 1766 1463 1820 Lycurgo,

365 1829 586 1882 hospitium
609 1828 821 1880 antiquum
845 1827 993 1868 Troiae
1018 1827 1197 1880 sociique
1220 1826 1409 1875 Penates,

364 1890 463 1929 dum
485 1888 648 1929 fortuna
671 1888 759 1928 fuit.
785 1887 894 1928 feror
915 1887 996 1928 huo
1019 1893 1060 1928 et
1082 1887 1197 1928 litore
1222 1901 1345 1927 curvo

365 1949 524 1990 moenia
546 1948 677 2003 prima
699 1948 807 1997 loco,
833 1947 928 1988 fatis
951 1947 1161 2002 ingressus
1185 1947 1349 1999 iniquis,

364 2008 665 2061 Aeneadasque
689 2022 781 2049 meo
804 2022 954 2048 nomen
976 2008 1027 2048 de
1050 2007 1213 2048 nomine
1237 2007 1361 2061 fingo.

422 2067 550 2110 Sacra
572 2068 782 2109 Dionaeae
805 2067 925 2108 matri
948 2067 1133 2120 divisque
1157 2066 1339 2108 ferebam

365 2129 597 2183 auspicibus
623 2134 859 2183 coeptorum
882 2142 1067 2183 operum,
1093 2141 1320 2182 superoque
1343 2127 1536 2168 nitentem

364 2189 600 2231 caelicolum
622 2189 711 2244 regi
734 2188 964 2230 mactabam
986 2188 1031 2229 in
1051 2188 1168 2229 litore
1192 2193 1365 2229 taurum.

364 2250 467 2291 forte
491 2250 569 2291 fuit
590 2250 704 2290 iuxta
727 2249 926 2298 tumulus,
950 2263 1032 2302 quo
1057 2262 1203 2290 cornea
1226 2262 1385 2289 summo

363 2311 540 2366 virgulta
563 2317 603 2352 et
626 2311 764 2352 densis
788 2309 1002 2351 hastilibus
1026 2309 1189 2350 horrida
1212 2314 1382 2363 myrtus.

365 2372 537 2422 accessi,
561 2372 814 2425 viridemque
837 2371 889 2412 ab
912 2370 1039 2412 humo
1062 2369 1287 2411 convellere
1312 2369 1456 2410 silvam

300 2468 316 2475 -
365 2439 553 2483 conatus,
577 2433 701 2475 ramis
725 2439 905 2488 tegerem
928 2438 974 2472 ut
996 2430 1276 2472 frondentibus
1300 2445 1403 2478 aras,

365 2493 610 2535 horrendum
634 2499 674 2534 et
696 2493 808 2534 dictu
830 2493 949 2533 video
972 2491 1155 2532 mirabile
1178 2496 1414 2532 monstrum.

364 2569 478 2603 nam,
503 2568 608 2607 quae
630 2554 761 2608 prima
784 2553 871 2594 solo
893 2552 1022 2606 ruptis
1047 2550 1250 2592 radicibus
1274 2549 1392 2591 arbos

365 2614 544 2663 vellitur,
568 2614 664 2655 huic
687 2620 774 2654 atro
796 2613 1006 2666 liquuntur
1029 2611 1225 2665 sanguine
1247 2615 1386 2664 guttae

366 2680 406 2714 et
429 2680 577 2715 terram
600 2674 695 2715 tabo
718 2673 933 2715 maculant.
958 2671 1056 2713 mihi
1081 2671 1252 2725 frigidus
1276 2669 1415 2710 horror
