1820 3054
368 271 448 313 378
767 278 808 312 Ρ.
827 275 1059 313 VERGILII
1076 274 1301 312 MARONIS

365 381 494 422 victor
517 380 649 428 adest,
675 378 814 433 magni
837 391 1033 432 magnum
1057 377 1183 418 decus
1207 391 1302 419 ecce
1325 378 1530 434 triumphi,

420 441 566 489 victor,
591 453 673 493 qua
696 444 825 479 terrae
849 451 1012 492 quaque
1035 443 1176 493 patent
1198 438 1337 488 maria,

322 515 341 546 5
365 501 528 543 horrida
550 499 785 542 barbaricae
808 504 975 553 portans
999 499 1178 556 insignia
1199 513 1376 555 pugnae,

419 575 593 616 magnus
617 566 663 602 ut
688 558 890 610 Oenides,
915 566 1042 614 utque
1066 559 1268 615 superbus
1291 560 1427 616 Eryx;

364 637 440 664 nec
463 622 597 663 minus
621 622 772 663 idcirco
795 627 957 663 nostros
983 636 1222 676 expromere
1245 627 1388 663 cantus

419 683 622 724 maximus
647 688 688 724 et
711 689 873 724 sanctos
899 683 1048 738 dignus
1072 683 1173 724 inire
1197 682 1354 724 choros.

363 743 442 786 hoc
463 744 600 798 itaque
623 743 794 785 insuetis
817 744 946 785 iactor
968 743 1119 799 magis,
1145 743 1314 799 optime,
1340 744 1459 795 curis,

300 818 340 848 10
419 804 520 858 quid
543 805 594 846 de
618 810 658 846 te
680 805 837 860 possim
862 804 1058 855 scribere,
1083 805 1233 859 quidve
1257 805 1342 846 tibi.

363 880 541 920 namque
563 890 618 897 —
641 865 803 908 fatebor
826 866 935 908 enim
957 891 1013 896 —
1035 880 1141 920 quae
1165 866 1345 908 maxima
1368 866 1595 908 deterrendi

419 926 578 977 debuit,
602 927 792 969 hortandi
815 927 995 968 maxima
1018 941 1166 969 caussa
1188 926 1278 969 fuit.

362 1002 494 1042 pauca
518 994 588 1029 tua
610 988 654 1029 in
676 994 836 1030 nostras
861 994 1061 1030 venerunt
1084 988 1264 1030 carmina
1287 988 1461 1038 chartas,

415 1049 594 1090 carmina
617 1063 711 1091 cum
734 1049 893 1104 lingua,
919 1055 1007 1090 tum
1032 1049 1116 1091 sale
1142 1048 1355 1103 Cecropio,

301 1123 340 1152 15
365 1109 561 1160 carmina,
587 1124 692 1164 quae
715 1109 900 1165 Pylium,
927 1110 1071 1151 saeclis
1096 1116 1265 1164 accepta
1287 1109 1449 1159 futuris,

419 1170 616 1220 carmina,
642 1185 748 1224 quae
771 1170 937 1225 Pylium
961 1171 1123 1212 vincere
1147 1171 1273 1225 digna
1297 1185 1448 1212 senem.

363 1231 540 1272 molliter
562 1230 629 1272 hic
652 1231 772 1272 viridi
794 1231 959 1286 patulae
984 1231 1061 1273 sub
1085 1231 1264 1286 tegmine
1287 1245 1461 1285 quercus

421 1291 577 1333 Moeris
601 1298 787 1346 pastores
813 1298 853 1334 et
875 1291 1108 1334 Meliboeus
1133 1298 1259 1340 erant,

363 1352 499 1393 dulcia
520 1352 718 1394 iactantes
743 1352 896 1394 alterno
921 1353 1101 1393 carmina
1129 1367 1265 1401 versu,

298 1426 340 1455 20
419 1413 555 1467 qualia
579 1413 814 1454 Trinacriae
839 1413 982 1454 doctus
1007 1419 1117 1455 amat
1138 1413 1310 1454 iuvenis.

364 1474 547 1516 certatim
571 1474 770 1516 ornabant
792 1489 934 1516 omnes
957 1474 1126 1516 heroida
1148 1475 1280 1524 divae,

420 1536 604 1577 certatim
627 1536 746 1578 divae
769 1550 938 1578 munere
961 1550 1148 1590 quaeque
1173 1551 1262 1578 suo·

363 1595 525 1638 felicem
548 1603 642 1639 ante
666 1597 767 1639 alias
791 1603 904 1640 tanto
930 1598 1124 1653 scriptore
1147 1596 1345 1652 puellaml

419 1657 546 1700 altera
568 1673 652 1700 non
674 1659 786 1700 fama
809 1659 957 1701 dixerit
980 1673 1072 1701 esse
1094 1660 1224 1715 prior:

297 1730 340 1762 25
363 1733 445 1761 non
468 1719 555 1770 illa,
580 1719 859 1775 Hesperidum
882 1721 926 1762 ni
947 1735 1116 1762 munere
1140 1726 1260 1775 capta
1281 1719 1441 1769 fuisset,

419 1795 524 1835 quae
548 1781 756 1823 volucrem
780 1796 902 1824 cursu
926 1782 1079 1823 vicerat
1101 1781 1425 1836 Hippomenem;

364 1842 536 1883 candida
560 1856 712 1897 cycneo
735 1857 819 1883 non
842 1843 950 1883 edita
974 1842 1178 1897 Tyndaris
1204 1856 1295 1891 ovo,

420 1917 503 1944 non
527 1917 675 1958 supero
699 1903 862 1959 fulgens
889 1903 1118 1958 Cassiopea
1143 1903 1250 1957 polo,

364 1978 447 2005 non
470 1963 641 2005 defensa
665 1964 735 2004 diu
757 1964 969 2005 volucrum
993 1964 1213 2005 certamine
1237 1977 1446 2017 equorum,

298 2040 341 2071 30
421 2024 617 2081 optabant
642 2023 791 2067 Graiae
815 2039 939 2078 quam
963 2025 1042 2066 sibi
1065 2038 1250 2078 quaeque
1273 2038 1432 2072 manus,

365 2100 487 2142 saepe
511 2086 689 2127 animam
711 2086 852 2141 generi
874 2101 948 2141 pro
973 2100 1053 2139 qua
1076 2090 1192 2140 pater
1213 2084 1349 2139 inpius
1373 2084 1520 2132 hausit,

417 2161 540 2202 saepe
563 2146 688 2188 rubro
711 2147 826 2189 Eleis
852 2147 1052 2202 sanguine
1075 2146 1193 2188 fluxit
1215 2146 1385 2195 humus3

363 2209 480 2264 regia
501 2223 584 2250 non
609 2206 790 2258 Semele,
815 2223 899 2249 non
921 2208 1086 2249 Inachis
1110 2206 1340 2255 Acrisione,

421 2270 571 2312 inmitti
594 2275 785 2325 expertae
808 2269 979 2311 fulmine
1003 2275 1043 2311 et
1065 2268 1195 2310 imbre
1218 2267 1361 2310 Iovem
1368 2283 1379 2317 ;

298 2346 340 2377 35
365 2332 481 2374 cuius
506 2338 547 2373 et
570 2331 622 2373 ob
646 2337 809 2386 raptum
831 2330 941 2387 pulsi
963 2330 1118 2385 liquere
1140 2334 1309 2384 penates

421 2393 635 2447 Tarquinii
656 2393 830 2448 patrios,
855 2392 963 2434 filius
988 2398 1110 2445 atque
1133 2397 1260 2447 pater,

364 2455 434 2497 illo
458 2469 540 2510 quo
562 2454 740 2510 primum
764 2453 996 2496 dominatus
1020 2453 1155 2495 Roma
1179 2450 1378 2506 superbos

420 2516 594 2557 mutavit
616 2515 788 2571 placidis
811 2520 994 2571 tempore
1018 2512 1267 2556 consulibus.

366 2576 511 2627 multa,
535 2591 669 2630 neque
692 2575 908 2626 inmeritis,
933 2575 1100 2616 donavit
1122 2573 1304 2629 praemia
1327 2572 1516 2621 alumnis,

299 2650 343 2681 40
421 2637 603 2692 praemia
625 2637 834 2678 Messallis
858 2636 1037 2677 maxima
1059 2634 1294 2690 Poplicolis.

367 2713 464 2738 nam
486 2697 585 2751 quid
609 2713 686 2753 ego
708 2698 884 2740 inmensi
906 2711 1128 2739 memorem
1152 2695 1288 2736 studia
1310 2694 1389 2736 ista
1411 2691 1589 2734 laboris?

423 2759 585 2800 horrida
609 2760 706 2813 quid
729 2759 854 2801 durae
878 2764 1061 2813 tempora
1083 2756 1274 2798 militiae?
