1780 3074
522 675 1062 732 AENEIDOS

616 887 878 926 LIBER
924 887 957 924 Ι.

150 1029 221 1064 Ille
234 1039 324 1074 ego,
341 1026 404 1074 qui
418 1025 608 1072 quondam
622 1024 756 1070 gracili
768 1023 984 1058 modulatus
998 1033 1120 1058 avena

104 1090 273 1123 carmen,
288 1081 344 1123 et,
360 1087 537 1123 egressus
552 1075 674 1119 silvis,
688 1074 813 1110 vicina
827 1073 937 1120 coegi

104 1134 147 1166 ut
159 1129 327 1176 quamvis
341 1128 453 1164 avido
466 1130 646 1173 parerent
658 1137 749 1161 arva
763 1125 913 1170 colono,

105 1185 251 1228 gratum
265 1191 359 1226 opus
374 1178 571 1225 agricolis,
585 1183 625 1213 at
635 1188 737 1212 nunc
749 1176 942 1212 horrentia
954 1176 1087 1212 Martis

161 1278 296 1322 Arma
318 1278 536 1332 virumque
561 1291 684 1327 cano,
711 1275 861 1318 Troiae
885 1275 957 1330 qui
980 1275 1139 1331 primus
1165 1275 1217 1318 ab
1243 1276 1325 1318 oris

108 1341 272 1384 ltaliam
296 1340 384 1382 fato
407 1339 612 1396 profugus
636 1338 887 1392 Lavinaque
911 1338 1025 1379 venit

106 1404 243 1454 litora,
269 1402 446 1444 multum
468 1401 537 1443 ille
563 1407 603 1442 et
626 1400 746 1442 terris
771 1400 948 1442 iactatus
974 1406 1015 1442 et
1039 1400 1122 1443 alto

107 1466 148 1508 vi
173 1479 369 1521 superum
394 1477 543 1506 saevae
567 1476 794 1504 memorem
818 1462 991 1504 Iunonis
1017 1462 1070 1504 ob
1094 1462 1212 1514 iram,

108 1528 236 1570 multa
259 1541 424 1582 quoque
449 1531 491 1568 et
513 1525 623 1567 bello
647 1539 818 1580 passus,
845 1524 945 1566 dum
970 1525 1165 1567 conderet
1189 1525 1348 1577 urbem,

107 1590 357 1644 inferretque
381 1589 481 1630 deos
506 1587 652 1637 Latio,
678 1602 812 1644 genus
837 1587 947 1629 unde
971 1587 1174 1629 Latinum

107 1652 345 1706 Albanique
368 1656 507 1707 patres
533 1656 657 1704 atque
682 1649 789 1692 altae
814 1649 979 1691 moenia
1008 1649 1181 1692 Romae.

164 1714 310 1764 Musa,
336 1713 438 1755 mihi
462 1727 634 1755 caussas
659 1726 862 1762 memora,
890 1726 974 1766 quo
998 1712 1168 1754 11111111110
1193 1712 1308 1756 laeso

108 1777 261 1831 quidve
286 1776 430 1818 dolens
455 1776 600 1832 regina
624 1775 749 1831 deum
773 1780 834 1816 tot
857 1774 1024 1816 volvere
1050 1789 1173 1817 casus

107 1839 316 1895 insignem
340 1838 494 1894 pietate
518 1838 680 1909 virum,
699 1843 759 1879 tot
783 1836 896 1878 adire
920 1836 1084 1879 labores

109 1901 313 1958 inpulerit.
340 1906 530 1942 tantaene
556 1900 704 1941 animis
730 1898 978 1941 caelestibus
1002 1899 1114 1941 irae?

165 1962 280 2006 Urbs
305 1963 476 2017 antiqua
499 1962 596 2013 fuit,
622 1962 740 2018 Tyrii
763 1967 932 2019 tenuere
957 1961 1104 2013 coloni,

110 2025 346 2082 Karthago,
371 2025 536 2067 Italiam
560 2030 703 2067 contra
727 2023 1007 2078 Tiberinaque
1031 2025 1157 2082 longe

110 2088 232 2138 ostia,
258 2088 374 2130 dives
399 2102 526 2144 opum
551 2087 781 2142 studiisque
806 2087 1034 2143 asperrima
1056 2087 1167 2138 belli,

110 2164 235 2205 quam
258 2150 365 2193 Iuno
389 2150 519 2192 fertur
542 2150 660 2192 terris
685 2150 820 2206 magis
845 2149 1039 2192 omnibus
1065 2166 1193 2193 unam

110 2212 347 2269 posthabita
372 2213 550 2254 coluisse
577 2211 725 2255 Samo:
750 2212 818 2254 hic
842 2212 952 2254 illius
978 2228 1105 2264 arma,

112 2274 179 2317 hic
202 2289 346 2317 currus
369 2274 468 2326 fuit3
493 2274 572 2317 hoc
594 2289 772 2331 regnum
797 2275 875 2316 dea
898 2274 1094 2331 gentibus
1121 2290 1227 2326 esse,

113 2337 149 2379 si
171 2351 255 2392 qua
278 2336 366 2378 fata
389 2336 544 2387 sinant,
568 2337 652 2378 iam
677 2342 766 2378 tum
790 2337 1003 2391 tenditque
1028 2338 1238 2392 fovetque.

113 2398 352 2455 progeniem
378 2398 453 2440 sed
476 2399 585 2440 enim
610 2398 792 2440 Troiano
817 2414 842 2440 a
867 2400 1069 2455 sanguine
1093 2401 1190 2442 duci

114 2461 317 2511 audierat,
343 2460 493 2516 Tyrias
518 2460 617 2502 olim
640 2474 748 2515 quae
771 2466 950 2502 verteret
972 2476 1108 2511 arces3

114 2522 210 2565 hinc
232 2523 434 2579 populum
457 2522 538 2564 late
562 2537 705 2578 regem
727 2521 921 2576 belloque
946 2523 1172 2579 superbum

115 2590 334 2627 venturum
358 2584 518 2627 excidio
542 2583 728 2640 Libyae:
754 2584 815 2626 sic
838 2584 1005 2626 volvere
1030 2584 1200 2628 Parcas.

116 2646 160 2688 id
181 2653 369 2690 metuens
394 2647 629 2701 veterisque
653 2661 812 2688 memor
837 2645 1034 2689 Saturnia
1056 2647 1166 2698 belli,

118 2707 249 2762 prima
271 2709 383 2764 quod
406 2709 460 2751 ad
484 2709 654 2751 Troiam
678 2724 753 2765 pro
778 2709 883 2751 caris
908 2715 1096 2766 gesserat
1118 2708 1268 2767 Argis.

121 2770 294 2813 necdum
318 2771 442 2814 etiam
467 2786 640 2814 caussae
664 2771 819 2813 irarum
844 2771 1040 2827 saevique
1065 2772 1228 2815 doloies

1507 1855 1548 1885 10

1508 2163 1547 2191 15

1506 2476 1549 2506 20

1504 2787 1548 2819 25
