1794 3048
270 484 335 515 800

273 786 336 818 805

275 1091 340 1121 810

277 1394 341 1424 815

279 1697 343 1727 820

281 1999 344 2029 825

283 2302 348 2333 830

287 2605 350 2635 835

363 302 441 343 188
761 310 802 343 Ρ.
821 307 1052 344 VERGILII
1071 306 1295 345 MARONIS

359 418 446 452 tum
473 410 687 452 Saturnius
711 409 813 449 haec
837 408 1010 449 domitor
1032 409 1155 449 maris
1180 408 1306 450 edidit
1330 410 1417 451 alti:

360 472 448 523 „fas
473 484 591 511 omne
615 475 695 519 est,
724 468 946 524 Cytherea,
970 469 1072 510 meis
1097 475 1136 510 te
1159 469 1284 510 fidere
1306 471 1455 524 regnis,

359 532 466 572 unde
489 545 620 586 genus
644 530 773 571 ducis.
797 530 927 571 merui
950 543 1131 583 quoque3
1157 544 1278 584 saepe
1301 530 1458 572 furores

360 592 567 647 conpressi
591 597 631 632 et
652 591 808 632 rabiem
831 596 985 632 tantam
1009 591 1190 644 caelique
1212 591 1429 645 marisque.

359 667 435 694 nec
458 652 589 693 minor
610 653 653 693 in
675 652 810 701 terris,
835 651 1053 692 Xanthum
1079 650 1370 706 Simoentaque
1393 657 1529 701 testor,

359 708 528 754 Aeneae
552 713 651 753 mihi
675 727 771 754 cura
794 713 864 753 tui.
891 726 984 753 cum
1008 712 1132 753 Troia
1154 711 1338 754 Achilles

362 773 592 815 exanimata
616 788 791 827 sequens
814 773 1043 828 inpingeret
1066 773 1231 828 agmina
1253 773 1392 823 muris,

360 835 472 876 milia
494 834 622 875 multa
646 834 760 875 daret
783 834 883 883 leto,
908 841 1197 889 gemerentque
1219 834 1363 888 repleti

362 910 520 944 amnes,
546 909 621 935 nec
644 895 820 949 reperire
846 895 952 935 viam
976 901 1098 948 atque
1123 894 1310 936 evolvere
1333 901 1472 949 posset

361 957 404 996 in
426 970 536 996 mare
562 970 605 997 se
628 955 843 1004 Xanthus,
868 954 1037 996 Pelidae
1061 961 1158 996 tunc
1181 969 1258 1010 ego
1282 955 1378 996 forti

363 1031 629 1072 congressum
651 1015 822 1057 Aenean
847 1030 923 1057 neo
946 1016 1009 1058 dis
1033 1030 1109 1057 nec
1131 1015 1285 1057 viribus
1310 1017 1450 1069 aequis

362 1077 470 1119 nube
494 1091 596 1118 cava
617 1077 751 1131 rapui,
778 1091 967 1131 cuperem
992 1091 1085 1117 cum
1108 1082 1263 1117 vertere
1288 1076 1339 1117 ab
1362 1077 1446 1117 imo

365 1143 516 1179 structa
538 1138 639 1178 meis
664 1137 851 1178 manibus
875 1137 1059 1191 periurae
1082 1137 1244 1178 moenia
1267 1136 1427 1177 Troiae.

363 1213 472 1240 nunc
496 1213 657 1252 quoque
680 1213 795 1240 mens
820 1199 963 1239 eadem
985 1203 1140 1252 perstat
1163 1198 1280 1248 mihi3
1306 1198 1410 1253 pelle
1435 1198 1632 1239 timorem.

365 1266 493 1310 tutus,
519 1274 621 1313 quos
646 1265 780 1313 optas,
805 1265 946 1313 portus
972 1259 1155 1308 accedet3
1179 1257 1337 1299 Averni

363 1335 470 1361 unus
495 1320 570 1361 erit
592 1325 749 1360 tantum
772 1320 969 1360 amissum
993 1333 1114 1372 quem
1138 1319 1299 1374 gurgite
1323 1333 1513 1372 quaeres3

366 1395 492 1421 unum
515 1395 588 1435 pro
612 1380 749 1420 multis
774 1380 936 1420 dabitur
960 1381 1120 1434 caput.“

365 1441 428 1482 his
452 1441 523 1482 ubi
545 1441 653 1481 laeta
676 1441 775 1481 deae
798 1440 1012 1494 permulsit
1034 1446 1199 1494 pectora
1222 1440 1353 1490 dictis,

365 1502 497 1557 iungit
520 1516 646 1555 equos
671 1516 768 1542 auro
791 1501 951 1557 genitor
975 1501 1283 1556 spumantiaque
1308 1501 1419 1542 addit

366 1563 482 1604 frena
504 1563 602 1604 feris
626 1562 896 1616 manibusque
921 1563 1051 1604 omnis
1077 1562 1248 1603 effundit
1271 1562 1464 1604 habenas.

368 1623 553 1665 caeruleo
575 1638 650 1679 per
674 1639 834 1665 summa
855 1623 958 1665 levis
982 1623 1093 1665 volat
1115 1638 1293 1677 aequora
1317 1638 1435 1665 curru
1443 1639 1454 1673 3

369 1684 588 1725 subsidunt
610 1684 762 1734 undae,
788 1684 1070 1737 tumidumque
1095 1684 1172 1725 sub
1196 1698 1272 1725 axe
1297 1684 1452 1725 tonanti

369 1746 560 1786 sternitur
582 1760 735 1799 aequor
757 1746 893 1799 aquis,
918 1745 1083 1801 fugiunt
1106 1750 1222 1786 vasto
1247 1745 1408 1786 aethere
1432 1743 1570 1786 nimbi-

368 1811 454 1846 tum
477 1807 612 1847 variae
638 1807 831 1848 comitum
853 1806 1000 1856 facies,
1024 1805 1204 1847 inmania
1227 1812 1327 1855 cete,

369 1871 409 1906 et
433 1866 567 1907 senior
590 1865 740 1908 Glauci
763 1867 910 1908 chorus
934 1866 1143 1920 Inousque
1166 1866 1391 1908 Palaemon

371 1926 642 1980 Tritonesque
666 1927 735 1967 citi
757 1926 989 1980 Phorcique
1014 1927 1214 1968 exercitus
1239 1927 1390 1976 omnis3

370 1986 486 2027 laeva
508 1992 619 2027 tenet
641 1987 784 2028 Thetis
809 1993 850 2027 et
871 1987 1015 2028 Melite
1038 1987 1314 2041 Panopeaque
1338 1987 1466 2042 virgo,

369 2047 527 2088 Nesaee
553 2046 735 2102 Spioque
759 2047 986 2101 Thaliaque
1012 2046 1341 2101 Cymodoceque.

426 2107 509 2148 Hic
532 2107 658 2162 patris
682 2106 852 2148 Aeneae
876 2122 1118 2162 suspensam
1141 2107 1292 2148 blanda
1314 2106 1496 2147 vicissim

370 2168 521 2223 gaudia
543 2173 815 2222 pertemptant
837 2174 1034 2217 mentem3
1057 2167 1170 2209 iubet
1193 2167 1306 2208 ocius
1331 2167 1463 2208 omnis

371 2228 499 2269 attolli
522 2228 651 2270 malos
658 2259 670 2278 ‚
694 2229 848 2270 intendi
870 2228 1037 2269 brachia
1059 2227 1174 2269 velis.

372 2304 454 2329 una
477 2303 619 2330 omnes
643 2288 776 2330 fecere
799 2289 964 2343 pedem,
988 2288 1219 2343 pariterque
1245 2288 1441 2337 sinistros,

371 2363 480 2390 nunc
503 2349 668 2390 dextros
694 2349 850 2391 solvere
875 2349 1008 2399 sinus;
1033 2363 1116 2389 una
1138 2348 1266 2389 ardua
1288 2353 1477 2401 torquent

373 2408 525 2451 cornua
548 2410 885 2463 detorquentque3
910 2410 1046 2451 ferunt
1069 2424 1144 2450 sua
1166 2409 1331 2449 flamina
1354 2408 1539 2449 classem.

372 2471 560 2526 princeps
585 2477 678 2512 ante
702 2486 843 2513 omnes
868 2472 1040 2512 densum
1063 2469 1282 2511 Palinurus
1306 2468 1454 2524 agebat

374 2547 540 2587 agmen3
565 2533 617 2573 ad
640 2532 749 2573 hunc
772 2532 840 2573 alii
863 2546 1029 2573 cursum
1053 2531 1294 2573 contendere
1316 2529 1430 2570 iussi.

374 2593 536 2646 iamque
560 2593 644 2634 fere
667 2593 844 2634 mediam
868 2592 968 2633 caeli
991 2607 1075 2634 nox
1097 2591 1265 2632 humida
1286 2595 1436 2630 metam

375 2654 616 2708 contigerat3
640 2653 801 2707 placida
822 2653 1016 2694 laxabant
1038 2651 1220 2693 membra
1241 2650 1375 2704 quiete

377 2713 451 2753 sub
475 2714 596 2753 remis
621 2714 703 2754 fusi
726 2728 799 2767 per
821 2714 922 2754 dura
946 2713 1088 2754 sedilia
1109 2717 1274 2752 nautae:
