<?xml version="1.0" encoding="UTF-8"?>
<!DOCTYPE html PUBLIC "-//W3C//DTD XHTML 1.0 Transitional//EN"
    "http://www.w3.org/TR/xhtml1/DTD/xhtml1-transitional.dtd">
<html xmlns="http://www.w3.org/1999/xhtml" xml:lang="en" lang="en">
 <head>
  <title>
</title>
<meta http-equiv="Content-Type" content="text/html;charset=utf-8" />
  <meta name='ocr-system' content='tesseract 3.04.00' />
  <meta name='ocr-capabilities' content='ocr_page ocr_carea ocr_par ocr_line ocrx_word'/>
</head>
<body>
  <div class='ocr_page' id='page_1' title='image "./operavirg00virguoft_0415.png"; bbox 0 0 1800 3080; ppageno 0'>
   <div class='ocr_carea' id='block_1_1' title="bbox 685 262 956 300">
    <p class='ocr_par' dir='ltr' id='par_1_1' title="bbox 685 262 956 300">
     <span class='ocr_line' id='line_1_1' title="bbox 685 262 956 300; baseline -0.007 -1"><span class='ocrx_word' id='word_1_1' title='bbox 685 262 956 300; x_wconf 82' lang='lat' dir='ltr'><strong>MORETUM.</strong></span> 
     </span>
    </p>
   </div>
   <div class='ocr_carea' id='block_1_2' title="bbox 130 366 1352 2170">
    <p class='ocr_par' dir='ltr' id='par_1_2' title="bbox 134 366 1166 427">
     <span class='ocr_line' id='line_1_2' title="bbox 134 366 1166 427; baseline -0.01 -10"><span class='ocrx_word' id='word_1_2' title='bbox 134 380 176 417; x_wconf 89' lang='lat' dir='ltr'>et</span> <span class='ocrx_word' id='word_1_3' title='bbox 198 378 316 416; x_wconf 86' lang='lat' dir='ltr'>notat</span> <span class='ocrx_word' id='word_1_4' title='bbox 338 369 539 427; x_wconf 82' lang='lat' dir='ltr'>inpressis</span> <span class='ocrx_word' id='word_1_5' title='bbox 563 382 698 423; x_wconf 88' lang='lat' dir='ltr'>aequo</span> <span class='ocrx_word' id='word_1_6' title='bbox 722 366 960 410; x_wconf 83' lang='lat' dir='ltr'>discrimine</span> <span class='ocrx_word' id='word_1_7' title='bbox 983 366 1166 421; x_wconf 85' lang='lat' dir='ltr'>quadris.</span> 
     </span>
    </p>

    <p class='ocr_par' dir='ltr' id='par_1_3' title="bbox 135 429 1255 487">
     <span class='ocr_line' id='line_1_3' title="bbox 135 429 1255 487; baseline -0.006 -9"><span class='ocrx_word' id='word_1_8' title='bbox 135 436 262 478; x_wconf 87' lang='lat' dir='ltr'>infert</span> <span class='ocrx_word' id='word_1_9' title='bbox 285 434 383 476; x_wconf 91' lang='lat' dir='ltr'>inde</span> <span class='ocrx_word' id='word_1_10' title='bbox 407 432 502 475; x_wconf 81' lang='lat' dir='ltr'>foco</span> <span class='ocrx_word' id='word_1_11' title='bbox 526 457 581 463; x_wconf 95' lang='lat'><strong>—</strong></span> <span class='ocrx_word' id='word_1_12' title='bbox 607 429 789 487; x_wconf 83' lang='lat' dir='ltr'>Scybale</span> <span class='ocrx_word' id='word_1_13' title='bbox 813 430 1087 472; x_wconf 79' lang='lat' dir='ltr'>mundaverat</span> <span class='ocrx_word' id='word_1_14' title='bbox 1109 436 1255 486; x_wconf 89' lang='lat' dir='ltr'>aptum</span> 
     </span>
    </p>

    <p class='ocr_par' dir='ltr' id='par_1_4' title="bbox 132 492 1348 550">
     <span class='ocr_line' id='line_1_4' title="bbox 132 492 1348 550; baseline -0.004 -9"><span class='ocrx_word' id='word_1_15' title='bbox 132 505 227 541; x_wconf 89' lang='lat' dir='ltr'>ante</span> <span class='ocrx_word' id='word_1_16' title='bbox 252 497 391 539; x_wconf 87' lang='lat' dir='ltr'>locum</span> <span class='ocrx_word' id='word_1_17' title='bbox 414 521 470 527; x_wconf 96' lang='lat'>—</span> <span class='ocrx_word' id='word_1_18' title='bbox 493 493 696 548; x_wconf 89' lang='lat' dir='ltr'>testisque</span> <span class='ocrx_word' id='word_1_19' title='bbox 720 493 843 550; x_wconf 88' lang='lat' dir='ltr'>tegit,</span> <span class='ocrx_word' id='word_1_20' title='bbox 870 507 996 548; x_wconf 86' lang='lat' dir='ltr'>super</span> <span class='ocrx_word' id='word_1_21' title='bbox 1019 498 1193 550; x_wconf 80' lang='lat' dir='ltr'>aggerat</span> <span class='ocrx_word' id='word_1_22' title='bbox 1213 492 1348 549; x_wconf 84' lang='lat' dir='ltr'>ignes.</span> 
     </span>
    </p>

    <p class='ocr_par' dir='ltr' id='par_1_5' title="bbox 132 555 1280 614">
     <span class='ocr_line' id='line_1_5' title="bbox 132 555 1280 614; baseline -0.004 -12"><span class='ocrx_word' id='word_1_23' title='bbox 132 561 315 614; x_wconf 90' lang='lat' dir='ltr'>dumque</span> <span class='ocrx_word' id='word_1_24' title='bbox 341 573 439 600; x_wconf 89' lang='lat' dir='ltr'>suas</span> <span class='ocrx_word' id='word_1_25' title='bbox 463 556 627 613; x_wconf 82' lang='lat' dir='ltr'>peragit</span> <span class='ocrx_word' id='word_1_26' title='bbox 650 555 865 598; x_wconf 81' lang='lat' dir='ltr'>Volcanus</span> <span class='ocrx_word' id='word_1_27' title='bbox 889 555 1104 609; x_wconf 83' lang='lat' dir='ltr'>Vestaque</span> <span class='ocrx_word' id='word_1_28' title='bbox 1127 560 1280 611; x_wconf 85' lang='lat' dir='ltr'>partes,</span> 
     </span>
    </p>

    <p class='ocr_par' dir='ltr' id='par_1_6' title="bbox 134 617 1131 669">
     <span class='ocr_line' id='line_1_6' title="bbox 134 617 1131 669; baseline -0.004 -5"><span class='ocrx_word' id='word_1_29' title='bbox 134 620 321 665; x_wconf 85' lang='lat' dir='ltr'>Simulus</span> <span class='ocrx_word' id='word_1_30' title='bbox 345 619 503 661; x_wconf 88' lang='lat' dir='ltr'>interea</span> <span class='ocrx_word' id='word_1_31' title='bbox 526 633 660 660; x_wconf 87' lang='lat' dir='ltr'>vacua</span> <span class='ocrx_word' id='word_1_32' title='bbox 682 632 769 660; x_wconf 91' lang='lat' dir='ltr'>non</span> <span class='ocrx_word' id='word_1_33' title='bbox 792 623 929 660; x_wconf 87' lang='lat' dir='ltr'>cessat</span> <span class='ocrx_word' id='word_1_34' title='bbox 951 617 994 659; x_wconf 90' lang='lat' dir='ltr'>in</span> <span class='ocrx_word' id='word_1_35' title='bbox 1017 617 1131 669; x_wconf 62' lang='lat' dir='ltr'>hora„</span> 
     </span>
    </p>

    <p class='ocr_par' dir='ltr' id='par_1_7' title="bbox 131 679 1235 736">
     <span class='ocr_line' id='line_1_7' title="bbox 131 679 1235 736; baseline -0.004 -11"><span class='ocrx_word' id='word_1_36' title='bbox 131 698 277 726; x_wconf 86' lang='lat' dir='ltr'>verum</span> <span class='ocrx_word' id='word_1_37' title='bbox 301 682 426 724; x_wconf 83' lang='lat' dir='ltr'>aliam</span> <span class='ocrx_word' id='word_1_38' title='bbox 450 680 531 724; x_wconf 84' lang='lat' dir='ltr'>sibi</span> <span class='ocrx_word' id='word_1_39' title='bbox 554 680 715 735; x_wconf 90' lang='lat' dir='ltr'>quaerit</span> <span class='ocrx_word' id='word_1_40' title='bbox 738 695 881 736; x_wconf 84' lang='lat' dir='ltr'>opem:</span> <span class='ocrx_word' id='word_1_41' title='bbox 906 694 959 722; x_wconf 90' lang='lat' dir='ltr'>ne</span> <span class='ocrx_word' id='word_1_42' title='bbox 984 679 1073 722; x_wconf 88' lang='lat' dir='ltr'>sola</span> <span class='ocrx_word' id='word_1_43' title='bbox 1094 679 1235 736; x_wconf 88' lang='lat' dir='ltr'>palato</span> 
     </span>
    </p>

    <p class='ocr_par' dir='ltr' id='par_1_8' title="bbox 132 742 1289 802">
     <span class='ocr_line' id='line_1_8' title="bbox 132 742 1289 802; baseline -0.003 -14"><span class='ocrx_word' id='word_1_44' title='bbox 132 746 186 788; x_wconf 89' lang='lat' dir='ltr'>sit</span> <span class='ocrx_word' id='word_1_45' title='bbox 208 760 292 787; x_wconf 90' lang='lat' dir='ltr'>non</span> <span class='ocrx_word' id='word_1_46' title='bbox 315 750 436 802; x_wconf 83' lang='lat' dir='ltr'>grata</span> <span class='ocrx_word' id='word_1_47' title='bbox 459 757 594 794; x_wconf 90' lang='lat' dir='ltr'>ceres,</span> <span class='ocrx_word' id='word_1_48' title='bbox 621 757 725 797; x_wconf 88' lang='lat' dir='ltr'>quas</span> <span class='ocrx_word' id='word_1_49' title='bbox 749 742 896 798; x_wconf 86' lang='lat' dir='ltr'>iungat</span> <span class='ocrx_word' id='word_1_50' title='bbox 920 748 1134 798; x_wconf 85' lang='lat' dir='ltr'>comparat</span> <span class='ocrx_word' id='word_1_51' title='bbox 1157 756 1289 784; x_wconf 85' lang='lat' dir='ltr'>escas.</span> 
     </span>
    </p>

    <p class='ocr_par' dir='ltr' id='par_1_9' title="bbox 132 804 1053 862">
     <span class='ocr_line' id='line_1_9' title="bbox 132 804 1053 862; baseline -0.004 -12"><span class='ocrx_word' id='word_1_52' title='bbox 132 823 216 850; x_wconf 92' lang='lat' dir='ltr'>non</span> <span class='ocrx_word' id='word_1_53' title='bbox 238 807 299 849; x_wconf 88' lang='lat' dir='ltr'>illi</span> <span class='ocrx_word' id='word_1_54' title='bbox 323 821 527 862; x_wconf 87' lang='lat' dir='ltr'>suspensa</span> <span class='ocrx_word' id='word_1_55' title='bbox 549 805 691 847; x_wconf 88' lang='lat' dir='ltr'>focum</span> <span class='ocrx_word' id='word_1_56' title='bbox 716 804 902 847; x_wconf 82' lang='lat' dir='ltr'>carnaria</span> <span class='ocrx_word' id='word_1_57' title='bbox 924 805 1053 855; x_wconf 84' lang='lat' dir='ltr'>iuxta,</span> 
     </span>
    </p>

    <p class='ocr_par' dir='ltr' id='par_1_10' title="bbox 133 866 1144 924">
     <span class='ocr_line' id='line_1_10' title="bbox 133 866 1144 924; baseline -0.004 -12"><span class='ocrx_word' id='word_1_58' title='bbox 133 869 270 912; x_wconf 88' lang='lat' dir='ltr'>durati</span> <span class='ocrx_word' id='word_1_59' title='bbox 294 869 379 911; x_wconf 85' lang='lat' dir='ltr'>sale</span> <span class='ocrx_word' id='word_1_60' title='bbox 404 875 522 924; x_wconf 89' lang='lat' dir='ltr'>terga</span> <span class='ocrx_word' id='word_1_61' title='bbox 546 868 633 910; x_wconf 89' lang='lat' dir='ltr'>suis</span> <span class='ocrx_word' id='word_1_62' title='bbox 658 867 894 922; x_wconf 82' lang='lat' dir='ltr'>truncique,</span> <span class='ocrx_word' id='word_1_63' title='bbox 919 866 1125 909; x_wconf 88' lang='lat' dir='ltr'>vacabant</span> <span class='ocrx_word' id='word_1_64' title='bbox 1132 883 1144 918; x_wconf 83' lang='lat'><em>3</em></span> 
     </span>
    </p>

    <p class='ocr_par' dir='ltr' id='par_1_11' title="bbox 132 929 1154 986">
     <span class='ocr_line' id='line_1_11' title="bbox 132 929 1154 986; baseline -0.003 -12"><span class='ocrx_word' id='word_1_65' title='bbox 132 932 328 974; x_wconf 85' lang='lat' dir='ltr'>traiectus</span> <span class='ocrx_word' id='word_1_66' title='bbox 351 931 536 973; x_wconf 89' lang='lat' dir='ltr'>medium</span> <span class='ocrx_word' id='word_1_67' title='bbox 562 935 702 986; x_wconf 85' lang='lat' dir='ltr'>sparto</span> <span class='ocrx_word' id='word_1_68' title='bbox 726 929 801 972; x_wconf 85' lang='lat' dir='ltr'>sed</span> <span class='ocrx_word' id='word_1_69' title='bbox 825 944 973 972; x_wconf 90' lang='lat' dir='ltr'>caseus</span> <span class='ocrx_word' id='word_1_70' title='bbox 998 929 1154 979; x_wconf 87' lang='lat' dir='ltr'>orbem,</span> 
     </span>
    </p>

    <p class='ocr_par' dir='ltr' id='par_1_12' title="bbox 133 991 1092 1047">
     <span class='ocr_line' id='line_1_12' title="bbox 133 991 1092 1047; baseline -0.004 -11"><span class='ocrx_word' id='word_1_71' title='bbox 133 1001 174 1036; x_wconf 91' lang='lat' dir='ltr'>et</span> <span class='ocrx_word' id='word_1_72' title='bbox 197 999 318 1035; x_wconf 83' lang='lat' dir='ltr'>vetus</span> <span class='ocrx_word' id='word_1_73' title='bbox 343 992 530 1035; x_wconf 79' lang='lat' dir='ltr'>adstricti</span> <span class='ocrx_word' id='word_1_74' title='bbox 553 992 680 1034; x_wconf 86' lang='lat' dir='ltr'>fascis</span> <span class='ocrx_word' id='word_1_75' title='bbox 705 991 915 1047; x_wconf 85' lang='lat' dir='ltr'>pendebat</span> <span class='ocrx_word' id='word_1_76' title='bbox 938 991 1092 1033; x_wconf 83' lang='lat' dir='ltr'>anethi.</span> 
     </span>
    </p>

    <p class='ocr_par' dir='ltr' id='par_1_13' title="bbox 132 1053 1352 1171">
     <span class='ocr_line' id='line_1_13' title="bbox 132 1053 1193 1112; baseline -0.003 -14"><span class='ocrx_word' id='word_1_77' title='bbox 132 1070 231 1112; x_wconf 87' lang='lat' dir='ltr'>ergo</span> <span class='ocrx_word' id='word_1_78' title='bbox 255 1055 379 1097; x_wconf 85' lang='lat' dir='ltr'>aliam</span> <span class='ocrx_word' id='word_1_79' title='bbox 403 1054 571 1096; x_wconf 86' lang='lat' dir='ltr'>molitur</span> <span class='ocrx_word' id='word_1_80' title='bbox 595 1068 719 1109; x_wconf 89' lang='lat' dir='ltr'>opem</span> <span class='ocrx_word' id='word_1_81' title='bbox 743 1053 824 1096; x_wconf 82' lang='lat' dir='ltr'>sibi</span> <span class='ocrx_word' id='word_1_82' title='bbox 846 1054 1046 1109; x_wconf 88' lang='lat' dir='ltr'>providus</span> <span class='ocrx_word' id='word_1_83' title='bbox 1072 1054 1193 1096; x_wconf 83' lang='lat' dir='ltr'>aeris.</span> 
     </span>
     <span class='ocr_line' id='line_1_14' title="bbox 187 1115 1352 1171; baseline -0.003 -11"><span class='ocrx_word' id='word_1_84' title='bbox 187 1117 350 1160; x_wconf 82' lang='lat' dir='ltr'>Hortus</span> <span class='ocrx_word' id='word_1_85' title='bbox 375 1122 463 1158; x_wconf 90' lang='lat' dir='ltr'>erat</span> <span class='ocrx_word' id='word_1_86' title='bbox 485 1116 651 1158; x_wconf 85' lang='lat' dir='ltr'>iunctus</span> <span class='ocrx_word' id='word_1_87' title='bbox 676 1115 862 1166; x_wconf 86' lang='lat' dir='ltr'>casulae,</span> <span class='ocrx_word' id='word_1_88' title='bbox 887 1130 1013 1171; x_wconf 90' lang='lat' dir='ltr'>quem</span> <span class='ocrx_word' id='word_1_89' title='bbox 1036 1115 1193 1158; x_wconf 81' lang='lat' dir='ltr'>vimina</span> <span class='ocrx_word' id='word_1_90' title='bbox 1215 1130 1352 1171; x_wconf 86' lang='lat' dir='ltr'>pauca</span> 
     </span>
    </p>

    <p class='ocr_par' dir='ltr' id='par_1_14' title="bbox 132 1178 1080 1229">
     <span class='ocr_line' id='line_1_15' title="bbox 132 1178 1080 1229; baseline -0.003 -6"><span class='ocrx_word' id='word_1_91' title='bbox 132 1186 172 1223; x_wconf 93' lang='lat' dir='ltr'>et</span> <span class='ocrx_word' id='word_1_92' title='bbox 196 1180 355 1222; x_wconf 86' lang='lat' dir='ltr'>calamo</span> <span class='ocrx_word' id='word_1_93' title='bbox 378 1179 565 1221; x_wconf 87' lang='lat' dir='ltr'>rediviva</span> <span class='ocrx_word' id='word_1_94' title='bbox 587 1178 671 1220; x_wconf 87' lang='lat' dir='ltr'>levi</span> <span class='ocrx_word' id='word_1_95' title='bbox 693 1178 883 1221; x_wconf 84' lang='lat' dir='ltr'>munibat</span> <span class='ocrx_word' id='word_1_96' title='bbox 906 1178 1080 1229; x_wconf 90' lang='lat' dir='ltr'>arundo,</span> 
     </span>
    </p>

    <p class='ocr_par' dir='ltr' id='par_1_15' title="bbox 132 1240 1090 1299">
     <span class='ocr_line' id='line_1_16' title="bbox 132 1240 1090 1299; baseline -0.002 -15"><span class='ocrx_word' id='word_1_97' title='bbox 132 1242 310 1299; x_wconf 81' lang='lat' dir='ltr'>exiguus</span> <span class='ocrx_word' id='word_1_98' title='bbox 336 1241 489 1298; x_wconf 86' lang='lat' dir='ltr'>spatio,</span> <span class='ocrx_word' id='word_1_99' title='bbox 514 1241 639 1283; x_wconf 85' lang='lat' dir='ltr'>variis</span> <span class='ocrx_word' id='word_1_100' title='bbox 665 1241 741 1282; x_wconf 89' lang='lat' dir='ltr'>sed</span> <span class='ocrx_word' id='word_1_101' title='bbox 764 1240 911 1283; x_wconf 87' lang='lat' dir='ltr'>fertilis</span> <span class='ocrx_word' id='word_1_102' title='bbox 936 1240 1090 1283; x_wconf 88' lang='lat' dir='ltr'>herbis.</span> 
     </span>
    </p>

    <p class='ocr_par' dir='ltr' id='par_1_16' title="bbox 131 1303 1114 1359">
     <span class='ocr_line' id='line_1_17' title="bbox 131 1303 1114 1359; baseline -0.002 -13"><span class='ocrx_word' id='word_1_103' title='bbox 131 1304 191 1346; x_wconf 90' lang='lat' dir='ltr'>nil</span> <span class='ocrx_word' id='word_1_104' title='bbox 213 1304 274 1346; x_wconf 91' lang='lat' dir='ltr'>illi</span> <span class='ocrx_word' id='word_1_105' title='bbox 298 1304 457 1354; x_wconf 83' lang='lat' dir='ltr'>deerat,</span> <span class='ocrx_word' id='word_1_106' title='bbox 482 1303 595 1358; x_wconf 89' lang='lat' dir='ltr'>quod</span> <span class='ocrx_word' id='word_1_107' title='bbox 618 1303 814 1359; x_wconf 87' lang='lat' dir='ltr'>pauperis</span> <span class='ocrx_word' id='word_1_108' title='bbox 838 1303 968 1359; x_wconf 83' lang='lat' dir='ltr'>exigit</span> <span class='ocrx_word' id='word_1_109' title='bbox 991 1318 1114 1345; x_wconf 84' lang='lat' dir='ltr'>usus:</span> 
     </span>
    </p>

    <p class='ocr_par' dir='ltr' id='par_1_17' title="bbox 131 1366 1148 1422">
     <span class='ocr_line' id='line_1_18' title="bbox 131 1366 1148 1422; baseline -0.002 -13"><span class='ocrx_word' id='word_1_110' title='bbox 131 1367 339 1409; x_wconf 88' lang='lat' dir='ltr'>interdum</span> <span class='ocrx_word' id='word_1_111' title='bbox 362 1366 548 1421; x_wconf 85' lang='lat' dir='ltr'>locuples</span> <span class='ocrx_word' id='word_1_112' title='bbox 572 1381 598 1407; x_wconf 87' lang='lat' dir='ltr'>a</span> <span class='ocrx_word' id='word_1_113' title='bbox 619 1380 802 1422; x_wconf 88' lang='lat' dir='ltr'>paupere</span> <span class='ocrx_word' id='word_1_114' title='bbox 825 1366 946 1421; x_wconf 83' lang='lat' dir='ltr'>plura</span> <span class='ocrx_word' id='word_1_115' title='bbox 967 1366 1148 1422; x_wconf 87' lang='lat' dir='ltr'>petebat.</span> 
     </span>
    </p>

    <p class='ocr_par' dir='ltr' id='par_1_18' title="bbox 132 1428 1245 1485">
     <span class='ocr_line' id='line_1_19' title="bbox 132 1428 1245 1485; baseline 0 -14"><span class='ocrx_word' id='word_1_116' title='bbox 132 1443 211 1471; x_wconf 91' lang='lat' dir='ltr'>nec</span> <span class='ocrx_word' id='word_1_117' title='bbox 235 1435 426 1485; x_wconf 88' lang='lat' dir='ltr'>sumptus</span> <span class='ocrx_word' id='word_1_118' title='bbox 451 1434 538 1470; x_wconf 88' lang='lat' dir='ltr'>erat</span> <span class='ocrx_word' id='word_1_119' title='bbox 562 1428 686 1470; x_wconf 87' lang='lat' dir='ltr'>ullius</span> <span class='ocrx_word' id='word_1_120' title='bbox 711 1443 817 1484; x_wconf 87' lang='lat' dir='ltr'>opus</span> <span class='ocrx_word' id='word_1_121' title='bbox 843 1429 919 1470; x_wconf 87' lang='lat' dir='ltr'>sed</span> <span class='ocrx_word' id='word_1_122' title='bbox 940 1428 1086 1485; x_wconf 86' lang='lat' dir='ltr'>regula</span> <span class='ocrx_word' id='word_1_123' title='bbox 1110 1443 1245 1473; x_wconf 81' lang='lat' dir='ltr'>curae.</span> 
     </span>
    </p>

    <p class='ocr_par' dir='ltr' id='par_1_19' title="bbox 133 1490 1196 1547">
     <span class='ocr_line' id='line_1_20' title="bbox 133 1490 1196 1547; baseline -0.001 -13"><span class='ocrx_word' id='word_1_124' title='bbox 133 1492 170 1535; x_wconf 85' lang='lat' dir='ltr'>si</span> <span class='ocrx_word' id='word_1_125' title='bbox 193 1492 360 1547; x_wconf 86' lang='lat' dir='ltr'>quando</span> <span class='ocrx_word' id='word_1_126' title='bbox 384 1505 564 1533; x_wconf 84' lang='lat' dir='ltr'>vacuum</span> <span class='ocrx_word' id='word_1_127' title='bbox 589 1490 732 1533; x_wconf 87' lang='lat' dir='ltr'>casula</span> <span class='ocrx_word' id='word_1_128' title='bbox 754 1491 974 1547; x_wconf 87' lang='lat' dir='ltr'>pluviaeve</span> <span class='ocrx_word' id='word_1_129' title='bbox 998 1491 1196 1535; x_wconf 88' lang='lat' dir='ltr'>tenebant</span> 
     </span>
    </p>

    <p class='ocr_par' dir='ltr' id='par_1_20' title="bbox 132 1552 1120 1604">
     <span class='ocr_line' id='line_1_21' title="bbox 132 1552 1120 1604; baseline -0.001 -8"><span class='ocrx_word' id='word_1_130' title='bbox 132 1554 293 1597; x_wconf 87' lang='lat' dir='ltr'>festave</span> <span class='ocrx_word' id='word_1_131' title='bbox 316 1554 408 1604; x_wconf 83' lang='lat' dir='ltr'>lux,</span> <span class='ocrx_word' id='word_1_132' title='bbox 434 1553 471 1596; x_wconf 90' lang='lat' dir='ltr'>si</span> <span class='ocrx_word' id='word_1_133' title='bbox 493 1553 601 1596; x_wconf 85' lang='lat' dir='ltr'>forte</span> <span class='ocrx_word' id='word_1_134' title='bbox 624 1552 742 1595; x_wconf 87' lang='lat' dir='ltr'>labor</span> <span class='ocrx_word' id='word_1_135' title='bbox 766 1553 958 1596; x_wconf 86' lang='lat' dir='ltr'>cessabat</span> <span class='ocrx_word' id='word_1_136' title='bbox 982 1554 1120 1604; x_wconf 85' lang='lat' dir='ltr'>aratri,</span> 
     </span>
    </p>

    <p class='ocr_par' dir='ltr' id='par_1_21' title="bbox 131 1615 1213 1672">
     <span class='ocr_line' id='line_1_22' title="bbox 131 1615 1213 1672; baseline 0.001 -14"><span class='ocrx_word' id='word_1_137' title='bbox 131 1616 240 1659; x_wconf 88' lang='lat' dir='ltr'>horti</span> <span class='ocrx_word' id='word_1_138' title='bbox 264 1631 370 1672; x_wconf 92' lang='lat' dir='ltr'>opus</span> <span class='ocrx_word' id='word_1_139' title='bbox 394 1615 497 1657; x_wconf 87' lang='lat' dir='ltr'>illud</span> <span class='ocrx_word' id='word_1_140' title='bbox 521 1622 619 1658; x_wconf 88' lang='lat' dir='ltr'>erat.</span> <span class='ocrx_word' id='word_1_141' title='bbox 645 1615 782 1658; x_wconf 86' lang='lat' dir='ltr'>varias</span> <span class='ocrx_word' id='word_1_142' title='bbox 807 1616 1027 1672; x_wconf 87' lang='lat' dir='ltr'>disponere</span> <span class='ocrx_word' id='word_1_143' title='bbox 1049 1616 1213 1672; x_wconf 88' lang='lat' dir='ltr'>plantas</span> 
     </span>
    </p>

    <p class='ocr_par' dir='ltr' id='par_1_22' title="bbox 131 1678 1158 1730">
     <span class='ocr_line' id='line_1_23' title="bbox 131 1678 1158 1730; baseline 0.001 -10"><span class='ocrx_word' id='word_1_144' title='bbox 131 1684 250 1721; x_wconf 89' lang='lat' dir='ltr'>norat</span> <span class='ocrx_word' id='word_1_145' title='bbox 273 1685 314 1721; x_wconf 93' lang='lat' dir='ltr'>et</span> <span class='ocrx_word' id='word_1_146' title='bbox 337 1678 524 1720; x_wconf 83' lang='lat' dir='ltr'>occultae</span> <span class='ocrx_word' id='word_1_147' title='bbox 548 1678 805 1720; x_wconf 90' lang='lat' dir='ltr'>committere</span> <span class='ocrx_word' id='word_1_148' title='bbox 830 1678 989 1720; x_wconf 86' lang='lat' dir='ltr'>semina</span> <span class='ocrx_word' id='word_1_149' title='bbox 1012 1685 1158 1730; x_wconf 87' lang='lat' dir='ltr'>terrae,</span> 
     </span>
    </p>

    <p class='ocr_par' dir='ltr' id='par_1_23' title="bbox 130 1740 1048 1797">
     <span class='ocr_line' id='line_1_24' title="bbox 130 1740 1048 1797; baseline 0.001 -15"><span class='ocrx_word' id='word_1_150' title='bbox 130 1741 372 1796; x_wconf 79' lang='lat' dir='ltr'>vicinosque</span> <span class='ocrx_word' id='word_1_151' title='bbox 397 1747 492 1797; x_wconf 88' lang='lat' dir='ltr'>apte</span> <span class='ocrx_word' id='word_1_152' title='bbox 517 1747 634 1783; x_wconf 87' lang='lat' dir='ltr'>curat</span> <span class='ocrx_word' id='word_1_153' title='bbox 657 1740 898 1783; x_wconf 87' lang='lat' dir='ltr'>submittere</span> <span class='ocrx_word' id='word_1_154' title='bbox 922 1742 1048 1784; x_wconf 89' lang='lat' dir='ltr'>rivos.</span> 
     </span>
    </p>

    <p class='ocr_par' dir='ltr' id='par_1_24' title="bbox 131 1803 1120 1854">
     <span class='ocr_line' id='line_1_25' title="bbox 131 1803 1120 1854; baseline 0.001 -9"><span class='ocrx_word' id='word_1_155' title='bbox 131 1803 200 1845; x_wconf 88' lang='lat' dir='ltr'>hic</span> <span class='ocrx_word' id='word_1_156' title='bbox 223 1803 334 1854; x_wconf 91' lang='lat' dir='ltr'>olus,</span> <span class='ocrx_word' id='word_1_157' title='bbox 359 1803 427 1845; x_wconf 89' lang='lat' dir='ltr'>hic</span> <span class='ocrx_word' id='word_1_158' title='bbox 450 1803 532 1845; x_wconf 90' lang='lat' dir='ltr'>late</span> <span class='ocrx_word' id='word_1_159' title='bbox 556 1803 780 1846; x_wconf 86' lang='lat' dir='ltr'>fundentes</span> <span class='ocrx_word' id='word_1_160' title='bbox 804 1803 976 1846; x_wconf 88' lang='lat' dir='ltr'>brachia</span> <span class='ocrx_word' id='word_1_161' title='bbox 998 1803 1120 1846; x_wconf 86' lang='lat' dir='ltr'>betae</span> 
     </span>
    </p>

    <p class='ocr_par' dir='ltr' id='par_1_25' title="bbox 131 1865 1250 1920">
     <span class='ocr_line' id='line_1_26' title="bbox 131 1865 1250 1920; baseline 0.002 -14"><span class='ocrx_word' id='word_1_162' title='bbox 131 1865 420 1919; x_wconf 85' lang='lat' dir='ltr'>fecundusque</span> <span class='ocrx_word' id='word_1_163' title='bbox 443 1879 591 1907; x_wconf 84' lang='lat' dir='ltr'>rumex</span> <span class='ocrx_word' id='word_1_164' title='bbox 614 1865 778 1908; x_wconf 89' lang='lat' dir='ltr'>malvae</span> <span class='ocrx_word' id='word_1_165' title='bbox 801 1866 1023 1920; x_wconf 89' lang='lat' dir='ltr'>inulaeque</span> <span class='ocrx_word' id='word_1_166' title='bbox 1047 1865 1250 1917; x_wconf 87' lang='lat' dir='ltr'>virebant,</span> 
     </span>
    </p>

    <p class='ocr_par' dir='ltr' id='par_1_26' title="bbox 131 1927 1092 1984">
     <span class='ocr_line' id='line_1_27' title="bbox 131 1927 1092 1984; baseline 0.001 -15"><span class='ocrx_word' id='word_1_167' title='bbox 131 1927 200 1969; x_wconf 88' lang='lat' dir='ltr'>hic</span> <span class='ocrx_word' id='word_1_168' title='bbox 224 1927 329 1969; x_wconf 83' lang='lat' dir='ltr'>siser</span> <span class='ocrx_word' id='word_1_169' title='bbox 352 1934 394 1969; x_wconf 91' lang='lat' dir='ltr'>et</span> <span class='ocrx_word' id='word_1_170' title='bbox 415 1942 570 1969; x_wconf 89' lang='lat' dir='ltr'>nomen</span> <span class='ocrx_word' id='word_1_171' title='bbox 592 1928 717 1983; x_wconf 87' lang='lat' dir='ltr'>capiti</span> <span class='ocrx_word' id='word_1_172' title='bbox 741 1928 934 1970; x_wconf 88' lang='lat' dir='ltr'>debentia</span> <span class='ocrx_word' id='word_1_173' title='bbox 956 1943 1092 1984; x_wconf 87' lang='lat' dir='ltr'>porra,</span> 
     </span>
    </p>

    <p class='ocr_par' dir='ltr' id='par_1_27' title="bbox 134 1988 1256 2047">
     <span class='ocr_line' id='line_1_28' title="bbox 134 1988 1256 2047; baseline 0.003 -17"><span class='ocrx_word' id='word_1_174' title='bbox 134 1988 220 2045; x_wconf 90' lang='lat' dir='ltr'>[hic</span> <span class='ocrx_word' id='word_1_175' title='bbox 245 1989 370 2031; x_wconf 88' lang='lat' dir='ltr'>etiam</span> <span class='ocrx_word' id='word_1_176' title='bbox 392 2004 574 2031; x_wconf 92' lang='lat' dir='ltr'>nocuum</span> <span class='ocrx_word' id='word_1_177' title='bbox 598 1990 723 2046; x_wconf 84' lang='lat' dir='ltr'>capiti</span> <span class='ocrx_word' id='word_1_178' title='bbox 747 1991 1015 2047; x_wconf 88' lang='lat' dir='ltr'>gelidumque</span> <span class='ocrx_word' id='word_1_179' title='bbox 1038 1989 1256 2047; x_wconf 83' lang='lat' dir='ltr'>papaver,]</span> 
     </span>
    </p>

    <p class='ocr_par' dir='ltr' id='par_1_28' title="bbox 131 2051 1154 2107">
     <span class='ocr_line' id='line_1_29' title="bbox 131 2051 1154 2107; baseline 0.004 -15"><span class='ocrx_word' id='word_1_180' title='bbox 131 2060 331 2107; x_wconf 87' lang='lat' dir='ltr'>grataque</span> <span class='ocrx_word' id='word_1_181' title='bbox 354 2051 557 2094; x_wconf 91' lang='lat' dir='ltr'>nobilium</span> <span class='ocrx_word' id='word_1_182' title='bbox 579 2052 743 2107; x_wconf 78' lang='lat' dir='ltr'>requies</span> <span class='ocrx_word' id='word_1_183' title='bbox 767 2052 930 2095; x_wconf 89' lang='lat' dir='ltr'>lactuca</span> <span class='ocrx_word' id='word_1_184' title='bbox 953 2053 1154 2104; x_wconf 90' lang='lat' dir='ltr'>ciborum,</span> 
     </span>
    </p>

    <p class='ocr_par' dir='ltr' id='par_1_29' title="bbox 131 2114 1217 2170">
     <span class='ocr_line' id='line_1_30' title="bbox 131 2114 1217 2170; baseline 0.003 -15"><span class='ocrx_word' id='word_1_185' title='bbox 131 2119 174 2155; x_wconf 90' lang='lat' dir='ltr'>et</span> <span class='ocrx_word' id='word_1_186' title='bbox 195 2114 335 2170; x_wconf 85' lang='lat' dir='ltr'>gravis</span> <span class='ocrx_word' id='word_1_187' title='bbox 359 2114 404 2156; x_wconf 87' lang='lat' dir='ltr'>in</span> <span class='ocrx_word' id='word_1_188' title='bbox 425 2114 557 2156; x_wconf 88' lang='lat' dir='ltr'>latum</span> <span class='ocrx_word' id='word_1_189' title='bbox 581 2114 754 2157; x_wconf 87' lang='lat' dir='ltr'>dimissa</span> <span class='ocrx_word' id='word_1_190' title='bbox 778 2115 993 2158; x_wconf 87' lang='lat' dir='ltr'>cucurbita</span> <span class='ocrx_word' id='word_1_191' title='bbox 1015 2122 1217 2158; x_wconf 89' lang='lat' dir='ltr'>ventrem.</span> 
     </span>
    </p>
   </div>
   <div class='ocr_carea' id='block_1_3' title="bbox 1419 252 1503 296">
    <p class='ocr_par' dir='ltr' id='par_1_30' title="bbox 1419 252 1503 296">
     <span class='ocr_line' id='line_1_31' title="bbox 1419 252 1503 296; baseline 0.012 -1"><span class='ocrx_word' id='word_1_192' title='bbox 1419 252 1503 296; x_wconf 87' lang='lat'>383</span> 
     </span>
    </p>
   </div>
   <div class='ocr_carea' id='block_1_4' title="bbox 131 2175 1454 2232">
    <p class='ocr_par' dir='ltr' id='par_1_31' title="bbox 131 2175 1454 2232">
     <span class='ocr_line' id='line_1_32' title="bbox 131 2175 1454 2232; baseline 0.002 -15"><span class='ocrx_word' id='word_1_193' title='bbox 131 2190 276 2217; x_wconf 85' lang='lat' dir='ltr'>verum</span> <span class='ocrx_word' id='word_1_194' title='bbox 298 2175 367 2217; x_wconf 90' lang='lat' dir='ltr'>hic</span> <span class='ocrx_word' id='word_1_195' title='bbox 390 2191 475 2218; x_wconf 91' lang='lat' dir='ltr'>non</span> <span class='ocrx_word' id='word_1_196' title='bbox 498 2177 655 2218; x_wconf 91' lang='lat' dir='ltr'>domini</span> <span class='ocrx_word' id='word_1_197' title='bbox 678 2202 734 2208; x_wconf 92' lang='lat'>--</span> <span class='ocrx_word' id='word_1_198' title='bbox 758 2178 851 2232; x_wconf 88' lang='lat' dir='ltr'>quis</span> <span class='ocrx_word' id='word_1_199' title='bbox 877 2178 988 2220; x_wconf 90' lang='lat' dir='ltr'>enim</span> <span class='ocrx_word' id='word_1_200' title='bbox 1012 2178 1260 2220; x_wconf 88' lang='lat' dir='ltr'>contractior</span> <span class='ocrx_word' id='word_1_201' title='bbox 1282 2178 1379 2220; x_wconf 86' lang='lat' dir='ltr'>illo?</span> <span class='ocrx_word' id='word_1_202' title='bbox 1403 2204 1454 2209; x_wconf 81' lang='lat'>-—</span> 
     </span>
    </p>
   </div>
   <div class='ocr_carea' id='block_1_5' title="bbox 131 2237 1280 2662">
    <p class='ocr_par' dir='ltr' id='par_1_32' title="bbox 132 2237 1143 2355">
     <span class='ocr_line' id='line_1_33' title="bbox 133 2237 1143 2294; baseline 0.003 -16"><span class='ocrx_word' id='word_1_203' title='bbox 133 2237 207 2279; x_wconf 83' lang='lat' dir='ltr'>sed</span> <span class='ocrx_word' id='word_1_204' title='bbox 229 2238 375 2292; x_wconf 88' lang='lat' dir='ltr'>populi</span> <span class='ocrx_word' id='word_1_205' title='bbox 395 2244 622 2294; x_wconf 88' lang='lat' dir='ltr'>proventus</span> <span class='ocrx_word' id='word_1_206' title='bbox 647 2245 754 2289; x_wconf 86' lang='lat' dir='ltr'>erat,</span> <span class='ocrx_word' id='word_1_207' title='bbox 779 2239 971 2293; x_wconf 87' lang='lat' dir='ltr'>notisque</span> <span class='ocrx_word' id='word_1_208' title='bbox 995 2239 1143 2282; x_wconf 90' lang='lat' dir='ltr'>diebus</span> 
     </span>
     <span class='ocr_line' id='line_1_34' title="bbox 132 2298 1132 2355; baseline 0.004 -16"><span class='ocrx_word' id='word_1_209' title='bbox 132 2298 300 2340; x_wconf 86' lang='lat' dir='ltr'>venales</span> <span class='ocrx_word' id='word_1_210' title='bbox 325 2299 499 2341; x_wconf 86' lang='lat' dir='ltr'>humero</span> <span class='ocrx_word' id='word_1_211' title='bbox 522 2299 659 2342; x_wconf 87' lang='lat' dir='ltr'>fasces</span> <span class='ocrx_word' id='word_1_212' title='bbox 683 2300 876 2355; x_wconf 87' lang='lat' dir='ltr'>portabat</span> <span class='ocrx_word' id='word_1_213' title='bbox 898 2301 943 2342; x_wconf 91' lang='lat' dir='ltr'>in</span> <span class='ocrx_word' id='word_1_214' title='bbox 965 2301 1132 2343; x_wconf 87' lang='lat' dir='ltr'>urbem:</span> 
     </span>
    </p>

    <p class='ocr_par' dir='ltr' id='par_1_33' title="bbox 131 2360 1280 2662">
     <span class='ocr_line' id='line_1_35' title="bbox 132 2360 1235 2418; baseline 0.002 -17"><span class='ocrx_word' id='word_1_215' title='bbox 132 2360 228 2402; x_wconf 88' lang='lat' dir='ltr'>inde</span> <span class='ocrx_word' id='word_1_216' title='bbox 253 2360 423 2402; x_wconf 92' lang='lat' dir='ltr'>domum</span> <span class='ocrx_word' id='word_1_217' title='bbox 448 2361 607 2403; x_wconf 87' lang='lat' dir='ltr'>cervice</span> <span class='ocrx_word' id='word_1_218' title='bbox 630 2362 754 2412; x_wconf 85' lang='lat' dir='ltr'>levis,</span> <span class='ocrx_word' id='word_1_219' title='bbox 779 2363 919 2418; x_wconf 87' lang='lat' dir='ltr'>gravis</span> <span class='ocrx_word' id='word_1_220' title='bbox 944 2377 1038 2404; x_wconf 90' lang='lat' dir='ltr'>aere</span> <span class='ocrx_word' id='word_1_221' title='bbox 1061 2362 1235 2413; x_wconf 86' lang='lat' dir='ltr'>redibat,</span> 
     </span>
     <span class='ocr_line' id='line_1_36' title="bbox 132 2422 1200 2477; baseline 0.004 -14"><span class='ocrx_word' id='word_1_222' title='bbox 132 2422 204 2463; x_wconf 85' lang='lat' dir='ltr'>vix</span> <span class='ocrx_word' id='word_1_223' title='bbox 226 2437 426 2477; x_wconf 89' lang='lat' dir='ltr'>umquam</span> <span class='ocrx_word' id='word_1_224' title='bbox 449 2423 599 2465; x_wconf 87' lang='lat' dir='ltr'>urbani</span> <span class='ocrx_word' id='word_1_225' title='bbox 621 2424 841 2467; x_wconf 81' lang='lat' dir='ltr'>comitatus</span> <span class='ocrx_word' id='word_1_226' title='bbox 865 2439 1002 2467; x_wconf 91' lang='lat' dir='ltr'>merce</span> <span class='ocrx_word' id='word_1_227' title='bbox 1026 2424 1200 2467; x_wconf 89' lang='lat' dir='ltr'>macelli.</span> 
     </span>
     <span class='ocr_line' id='line_1_37' title="bbox 133 2483 1234 2543; baseline 0.004 -18"><span class='ocrx_word' id='word_1_228' title='bbox 133 2498 236 2539; x_wconf 90' lang='lat' dir='ltr'>cepa</span> <span class='ocrx_word' id='word_1_229' title='bbox 258 2483 412 2526; x_wconf 90' lang='lat' dir='ltr'>rubens</span> <span class='ocrx_word' id='word_1_230' title='bbox 437 2485 622 2540; x_wconf 88' lang='lat' dir='ltr'>sectique</span> <span class='ocrx_word' id='word_1_231' title='bbox 644 2485 800 2527; x_wconf 81' lang='lat' dir='ltr'>famem</span> <span class='ocrx_word' id='word_1_232' title='bbox 824 2486 967 2528; x_wconf 88' lang='lat' dir='ltr'>domat</span> <span class='ocrx_word' id='word_1_233' title='bbox 990 2501 1087 2529; x_wconf 87' lang='lat' dir='ltr'>area</span> <span class='ocrx_word' id='word_1_234' title='bbox 1108 2486 1234 2543; x_wconf 87' lang='lat' dir='ltr'>porri,</span> 
     </span>
     <span class='ocr_line' id='line_1_38' title="bbox 133 2546 1193 2600; baseline 0.003 -13"><span class='ocrx_word' id='word_1_235' title='bbox 133 2560 322 2600; x_wconf 85' lang='lat' dir='ltr'>quaeque</span> <span class='ocrx_word' id='word_1_236' title='bbox 347 2546 516 2588; x_wconf 86' lang='lat' dir='ltr'>trahunt</span> <span class='ocrx_word' id='word_1_237' title='bbox 539 2547 624 2589; x_wconf 88' lang='lat' dir='ltr'>acri</span> <span class='ocrx_word' id='word_1_238' title='bbox 649 2547 787 2591; x_wconf 88' lang='lat' dir='ltr'>voltus</span> <span class='ocrx_word' id='word_1_239' title='bbox 811 2549 1015 2591; x_wconf 81' lang='lat' dir='ltr'>nasturtia</span> <span class='ocrx_word' id='word_1_240' title='bbox 1037 2563 1193 2599; x_wconf 89' lang='lat' dir='ltr'>morsu,</span> 
     </span>
     <span class='ocr_line' id='line_1_39' title="bbox 131 2607 1280 2662; baseline 0.003 -13"><span class='ocrx_word' id='word_1_241' title='bbox 131 2607 344 2662; x_wconf 85' lang='lat' dir='ltr'>intibaque</span> <span class='ocrx_word' id='word_1_242' title='bbox 369 2614 410 2650; x_wconf 89' lang='lat' dir='ltr'>et</span> <span class='ocrx_word' id='word_1_243' title='bbox 433 2607 641 2650; x_wconf 87' lang='lat' dir='ltr'>Venerem</span> <span class='ocrx_word' id='word_1_244' title='bbox 663 2624 864 2652; x_wconf 85' lang='lat' dir='ltr'>revocans</span> <span class='ocrx_word' id='word_1_245' title='bbox 890 2625 1015 2653; x_wconf 88' lang='lat' dir='ltr'>eruca</span> <span class='ocrx_word' id='word_1_246' title='bbox 1036 2617 1280 2653; x_wconf 87' lang='lat' dir='ltr'>morantem.</span> 
     </span>
    </p>
   </div>
   <div class='ocr_carea' id='block_1_6' title="bbox 189 2669 1466 2726">
    <p class='ocr_par' dir='ltr' id='par_1_34' title="bbox 189 2669 1466 2726">
     <span class='ocr_line' id='line_1_40' title="bbox 189 2669 1466 2726; baseline 0.003 -15"><span class='ocrx_word' id='word_1_247' title='bbox 189 2669 312 2712; x_wconf 87' lang='lat' dir='ltr'>Tunc</span> <span class='ocrx_word' id='word_1_248' title='bbox 337 2684 503 2726; x_wconf 91' lang='lat' dir='ltr'>quoque</span> <span class='ocrx_word' id='word_1_249' title='bbox 528 2671 609 2713; x_wconf 86' lang='lat' dir='ltr'>tale</span> <span class='ocrx_word' id='word_1_250' title='bbox 633 2671 789 2726; x_wconf 81' lang='lat' dir='ltr'>aliquid</span> <span class='ocrx_word' id='word_1_251' title='bbox 812 2673 1017 2715; x_wconf 88' lang='lat' dir='ltr'>meditans</span> <span class='ocrx_word' id='word_1_252' title='bbox 1041 2674 1266 2716; x_wconf 86' lang='lat' dir='ltr'>intraverat</span> <span class='ocrx_word' id='word_1_253' title='bbox 1289 2673 1466 2715; x_wconf 88' lang='lat' dir='ltr'>hortum.</span> 
     </span>
    </p>
   </div>
   <div class='ocr_carea' id='block_1_7' title="bbox 132 2729 1124 2851">
    <p class='ocr_par' dir='ltr' id='par_1_35' title="bbox 132 2729 1124 2851">
     <span class='ocr_line' id='line_1_41' title="bbox 132 2729 1124 2790; baseline 0.006 -18"><span class='ocrx_word' id='word_1_254' title='bbox 132 2729 201 2773; x_wconf 88' lang='lat' dir='ltr'>hic</span> <span class='ocrx_word' id='word_1_255' title='bbox 221 2731 422 2787; x_wconf 91' lang='lat' dir='ltr'>primum,</span> <span class='ocrx_word' id='word_1_256' title='bbox 446 2733 593 2775; x_wconf 89' lang='lat' dir='ltr'>leviter</span> <span class='ocrx_word' id='word_1_257' title='bbox 616 2734 757 2790; x_wconf 89' lang='lat' dir='ltr'>digitis</span> <span class='ocrx_word' id='word_1_258' title='bbox 783 2735 927 2777; x_wconf 89' lang='lat' dir='ltr'>tellure</span> <span class='ocrx_word' id='word_1_259' title='bbox 950 2736 1124 2787; x_wconf 86' lang='lat' dir='ltr'>refossa,</span> 
     </span>
     <span class='ocr_line' id='line_1_42' title="bbox 132 2795 1056 2851; baseline 0.006 -17"><span class='ocrx_word' id='word_1_260' title='bbox 132 2799 327 2846; x_wconf 88' lang='lat' dir='ltr'>quattuor</span> <span class='ocrx_word' id='word_1_261' title='bbox 350 2795 488 2837; x_wconf 89' lang='lat' dir='ltr'>educit</span> <span class='ocrx_word' id='word_1_262' title='bbox 512 2810 605 2837; x_wconf 91' lang='lat' dir='ltr'>cum</span> <span class='ocrx_word' id='word_1_263' title='bbox 632 2796 778 2851; x_wconf 85' lang='lat' dir='ltr'>spissis</span> <span class='ocrx_word' id='word_1_264' title='bbox 802 2797 899 2839; x_wconf 86' lang='lat' dir='ltr'>allia</span> <span class='ocrx_word' id='word_1_265' title='bbox 921 2797 1036 2840; x_wconf 82' lang='lat' dir='ltr'>fibris</span> <span class='ocrx_word' id='word_1_266' title='bbox 1044 2814 1056 2849; x_wconf 82' lang='lat'><em>3</em></span> 
     </span>
    </p>
   </div>
   <div class='ocr_carea' id='block_1_8' title="bbox 1528 443 1572 475">
    <p class='ocr_par' dir='ltr' id='par_1_36' title="bbox 1528 443 1572 475">
     <span class='ocr_line' id='line_1_43' title="bbox 1528 443 1572 475; baseline 0 0"><span class='ocrx_word' id='word_1_267' title='bbox 1528 443 1572 475; x_wconf 80' lang='lat'>50</span> 
     </span>
    </p>
   </div>
   <div class='ocr_carea' id='block_1_9' title="bbox 1529 756 1572 786">
    <p class='ocr_par' dir='ltr' id='par_1_37' title="bbox 1529 756 1572 786">
     <span class='ocr_line' id='line_1_44' title="bbox 1529 756 1572 786; baseline 0 0"><span class='ocrx_word' id='word_1_268' title='bbox 1529 756 1572 786; x_wconf 87' lang='grc'>55</span> 
     </span>
    </p>
   </div>
   <div class='ocr_carea' id='block_1_10' title="bbox 1530 1067 1573 1098">
    <p class='ocr_par' dir='ltr' id='par_1_38' title="bbox 1530 1067 1573 1098">
     <span class='ocr_line' id='line_1_45' title="bbox 1530 1067 1573 1098; baseline -0.023 0"><span class='ocrx_word' id='word_1_269' title='bbox 1530 1067 1573 1098; x_wconf 89' lang='grc'>60</span> 
     </span>
    </p>
   </div>
   <div class='ocr_carea' id='block_1_11' title="bbox 1529 1380 1571 1410">
    <p class='ocr_par' dir='ltr' id='par_1_39' title="bbox 1529 1380 1571 1410">
     <span class='ocr_line' id='line_1_46' title="bbox 1529 1380 1571 1410; baseline 0 0"><span class='ocrx_word' id='word_1_270' title='bbox 1529 1380 1571 1410; x_wconf 85' lang='grc'>65</span> 
     </span>
    </p>
   </div>
   <div class='ocr_carea' id='block_1_12' title="bbox 1530 1692 1572 1722">
    <p class='ocr_par' dir='ltr' id='par_1_40' title="bbox 1530 1692 1572 1722">
     <span class='ocr_line' id='line_1_47' title="bbox 1530 1692 1572 1722; baseline 0 0"><span class='ocrx_word' id='word_1_271' title='bbox 1530 1692 1572 1722; x_wconf 84' lang='grc'>70</span> 
     </span>
    </p>
   </div>
   <div class='ocr_carea' id='block_1_13' title="bbox 1528 2315 1572 2345">
    <p class='ocr_par' dir='ltr' id='par_1_41' title="bbox 1528 2315 1572 2345">
     <span class='ocr_line' id='line_1_48' title="bbox 1528 2315 1572 2345; baseline 0 0"><span class='ocrx_word' id='word_1_272' title='bbox 1528 2315 1572 2345; x_wconf 84' lang='grc'>80</span> 
     </span>
    </p>
   </div>
   <div class='ocr_carea' id='block_1_14' title="bbox 1527 2624 1570 2654">
    <p class='ocr_par' dir='ltr' id='par_1_42' title="bbox 1527 2624 1570 2654">
     <span class='ocr_line' id='line_1_49' title="bbox 1527 2624 1570 2654; baseline 0 0"><span class='ocrx_word' id='word_1_273' title='bbox 1527 2624 1570 2654; x_wconf 76' lang='grc' dir='ltr'>8ῐι</span> 
     </span>
    </p>
   </div>
  </div>
 </body>
</html>
