1780 3074
539 304 797 342 AENEIDOS
815 304 913 340 LIB.
932 306 982 340 11.

80 418 121 453 at
143 410 298 467 gemini
321 410 442 465 lapsu
466 409 639 451 delubra
662 409 717 451 ad
741 423 906 451 summa
929 408 1130 451 dracones

79 472 302 529 diffugiunt
325 485 559 525 saevaeque
581 476 729 526 petunt
753 470 981 513 Tritonidis
1006 485 1157 521 arcem,

79 534 156 578 sub
179 534 440 591 pedibusque
463 534 567 576 deae
591 533 795 589 clipeique
819 532 898 575 sub
922 532 1021 575 orbe
1045 539 1253 589 teguntur.

78 603 166 639 tum
189 612 287 639 vero
312 596 555 639 tremefacta
577 611 711 638 novus
735 610 811 651 per
833 602 1003 651 pectora
1026 596 1186 638 cunctis

77 659 259 701 insinuat
280 673 430 715 pavor,
456 665 498 700 et
521 658 656 701 scelus
682 658 930 714 expendisse
954 664 1182 700 merentem

77 721 321 764 Laocoonta
343 721 500 772 ferunt,
526 735 691 763 sacrum
713 720 785 775 qui
809 720 981 776 cuspide
1003 720 1132 762 robur

77 783 242 825 laeserit
265 788 306 825 et
329 789 446 839 tergo
471 782 714 825 sceleratam
737 782 946 824 intorserit
968 781 1145 824 hastam.

77 844 311 886 ducendum
335 844 389 886 ad
412 844 532 886 sedes
558 843 824 885 simulacrum
849 844 1086 897 orandaque
1111 844 1232 886 divae

26 957 31 964 Ι
76 906 247 948 numina
270 905 540 947 conclamant.

76 968 297 1009 dividimus
322 981 462 1009 muros
487 973 528 1009 et
550 967 714 1009 moenia
737 967 960 1022 pandimus
984 966 1112 1008 urbis.

75 1029 296 1085 accingunt
319 1043 462 1071 omnes
488 1029 602 1084 operi
624 1028 886 1084 pedibusque
909 1035 1095 1071 rotarum

75 1090 282 1134 subiciunt
304 1090 447 1146 lapsus
472 1097 514 1133 et
539 1096 715 1146 stuppea
738 1090 905 1133 vincula
929 1091 1035 1133 collo

74 1153 300 1195 intendunt.
327 1153 488 1196 scandit
510 1153 649 1195 fatalis
674 1153 867 1195 machina
890 1168 1045 1204 muros,

73 1214 160 1256 feta
182 1214 318 1257 armis.
343 1215 462 1271 pueri
485 1215 639 1257 circum
661 1215 942 1271 innuptaeque
965 1215 1128 1271 puellae

75 1291 192 1318 saera
213 1282 368 1318 canunt
391 1276 618 1331 funemque
642 1292 769 1319 manu
793 1277 1033 1334 contingere
1057 1278 1256 1334 gaudent.

73 1338 144 1380 illa
168 1337 297 1388 subit,
322 1338 566 1393 mediaeque
589 1338 753 1381 minans
777 1339 974 1382 inlabitur
997 1339 1103 1382 urbi.

74 1414 100 1442 o
122 1400 274 1455 patria,
300 1415 324 1442 o
348 1400 490 1442 divom
513 1401 663 1443 domus
687 1401 831 1452 Ilium,
858 1407 899 1443 et
921 1402 1079 1443 incluta
1101 1401 1212 1444 bello

73 1461 237 1504 moenia
259 1461 569 1504 Dardanidum!
594 1468 740 1517 quater
761 1463 854 1518 ipso
877 1463 923 1504 in
944 1463 1085 1505 limine
1108 1470 1253 1518 portae

74 1523 274 1575 substitit,
299 1530 423 1579 atque
446 1530 563 1566 utero
590 1524 771 1566 sonitum
794 1531 941 1579 quater
964 1540 1080 1567 arma
1103 1525 1273 1575 dedere3

72 1586 275 1628 instamus
301 1585 440 1628 tamen
463 1587 711 1629 inmemores
737 1587 932 1641 caecique
956 1587 1109 1638 furore,

74 1655 115 1690 et
138 1654 370 1691 monstrum
393 1649 538 1691 infelix
564 1655 724 1692 sacrata
749 1650 933 1692 sistimus
959 1664 1064 1692 aree.

73 1717 172 1753 tunc
196 1712 320 1753 etiam
343 1711 440 1754 fatis
465 1712 598 1767 aperit
622 1710 862 1754 Cassandra
885 1712 1036 1754 futuris

73 1787 164 1824 ora,
189 1773 256 1815 dei
279 1773 398 1815 iussu
420 1788 503 1816 non
527 1788 726 1828 umquam
751 1774 907 1816 credita
931 1773 1119 1815 Teucris.

72 1849 149 1876 nos
174 1834 346 1876 delubra
369 1835 493 1877 deum
518 1836 676 1886 miseri,
702 1835 854 1890 quibus
878 1835 1045 1876 ultimus
1071 1841 1183 1876 esset

72 1896 141 1938 ille
165 1896 272 1947 dies,
299 1897 408 1940 festa
431 1898 617 1940 velamus
642 1897 788 1940 fronde
812 1911 887 1952 per
908 1895 1068 1937 urbem.

130 1957 315 2001 Vertitur
337 1959 494 2002 interea
517 1959 678 2001 caelum
702 1964 743 2000 et
765 1958 846 1999 ruit
856 1956 1026 1999 Oceano
1050 1971 1146 2006 nox,

73 2019 287 2063 involvens
311 2021 459 2064 umbra
482 2037 635 2077 magna
658 2027 891 2073 terramque
914 2019 1142 2074 polumque

74 2081 468 2138 Myrmidonumque
492 2083 608 2125 dolos
616 2097 627 2132 3
652 2080 737 2122 fusi
759 2095 835 2136 per
857 2081 1022 2123 moenia
1045 2081 1197 2123 Teucri

75 2144 306 2186 conticuere
314 2161 325 2196 3
352 2160 476 2200 sopor
499 2144 635 2185 fessos
660 2142 933 2197 conplectitur
956 2149 1083 2185 artus.

75 2210 116 2247 et
138 2205 220 2246 iam
243 2204 405 2261 Argiva
427 2204 610 2259 phalanx
632 2204 845 2246 instructis
869 2204 1047 2246 navibus
1072 2204 1160 2247 ibat

75 2281 101 2307 a
124 2266 295 2308 Tenedo
302 2298 313 2317 ‚
339 2266 486 2307 tacitae
510 2280 584 2320 per
607 2265 741 2307 amica
764 2266 928 2308 silentia
950 2266 1074 2308 lunae

75 2326 194 2368 litora
216 2333 314 2368 nota
337 2332 503 2381 petens;
529 2326 717 2368 flammas
742 2341 839 2368 cum
861 2327 978 2383 regia
999 2328 1153 2383 puppis

77 2388 295 2437 extulerat,
322 2387 502 2441 fatisque
527 2388 652 2428 deum
675 2388 874 2439 defensus
898 2389 1051 2442 iniquis

77 2450 257 2492 inclusos
282 2455 399 2491 utero
423 2448 597 2491 Danaos
623 2455 664 2490 et
686 2449 810 2504 pinea
831 2449 976 2490 furtim

75 2511 188 2554 laxat
211 2511 390 2553 claustra
416 2509 560 2553 Sinon.
586 2509 679 2552 illos
704 2509 936 2565 patefactus
962 2511 1016 2552 ad
1039 2526 1159 2552 auras

77 2573 210 2615 reddit
233 2588 385 2628 equus,
411 2573 591 2627 laetique
616 2586 718 2614 cavo
744 2586 789 2614 se
811 2571 960 2614 robore
983 2580 1179 2628 promunt

78 2634 369 2677 Thessandrus
397 2633 703 2688 Sthenelusque
727 2634 854 2676 duces
879 2639 921 2676 et
944 2634 1058 2676 dirus
1084 2634 1244 2683 Ulixes,

78 2695 304 2738 demissum
327 2696 434 2752 lapsi
457 2711 532 2752 per
554 2696 716 2745 funem,
740 2694 1026 2750 Acamasque,
1052 2696 1289 2750 Thoasque,

78 2756 326 2813 Pelidesque
348 2758 664 2816 Neoptolemus,
689 2757 930 2813 primusque
954 2757 1176 2807 Machaon,

1157 2829 1211 2864 g*

1362 297 1444 339 115

1467 485 1532 516 225

1469 796 1533 827 230

1469 1104 1533 1135 235

1467 1415 1533 1445 240

1467 1722 1533 1753 245

1465 2032 1530 2063 250

1465 2341 1531 2370 255

1465 2647 1530 2677 260
