1800 3080
573 280 832 320 AENEIDOS
849 281 948 317 LIB.
967 281 1054 317 XII.
1416 269 1500 313 345

129 398 238 434 terra
260 389 381 440 mihi,
406 387 625 443 manisque
650 387 772 429 deam
796 385 987 428 demittat
1010 385 1064 427 ad
1086 383 1246 428 imos!“

128 459 289 495 tantum
314 451 440 494 effata
463 455 589 506 caput
611 449 762 506 glauco
786 448 970 491 contexit
992 447 1148 490 amictu
1490 499 1499 510 ¹
1524 459 1590 490 885

127 515 258 557 multa
281 528 455 571 gemens
480 519 521 555 et
546 527 591 555 se
614 511 742 554 fluvio
767 511 846 553 dea
869 510 1054 553 condidit
1077 509 1173 552 alto.

183 576 355 619 Aeneas
379 576 507 618 instat
531 579 675 617 contra
698 573 910 628 telumque
935 578 1127 614 coruscat

126 639 275 696 ingens
300 637 520 680 arboreum
545 642 586 678 et
610 650 736 678 saevo
762 635 822 677 sic
845 640 1014 690 pectore
1037 633 1167 676 fatur:

129 715 261 756 „quae
274 714 385 742 nunc
397 699 546 742 deinde
558 713 675 741 mora
687 697 774 740 est?
792 703 863 740 aut
875 697 998 752 quid
986 712 1083 767 lam,
1103 696 1258 747 Turne,
1276 694 1501 738 retractas?

126 777 211 805 non
234 777 378 812 cursu,
404 761 542 804 saevis
567 760 811 803 certandum
835 765 900 802 est
924 758 1156 802 comminus
1181 758 1320 801 armis.
1524 770 1591 802 890

126 831 240 867 verte
266 824 400 866 omnis
426 829 508 866 tete
530 823 576 865 in
599 822 728 864 facies
753 828 796 864 et
819 821 1036 873 contrahe,
1061 821 1267 876 quidquid

128 887 217 930 sive
242 886 391 929 animis
417 886 506 928 sive
529 891 618 927 arte
641 884 757 927 vales
764 900 777 936 ;
802 890 901 940 opta
928 883 1060 926 ardua
1081 883 1231 940 pennis

126 955 238 991 astra
262 948 399 1003 sequi,
426 948 698 1002 clausumque
723 962 827 989 cava
850 953 890 989 te
915 947 1094 989 condere
1118 948 1268 989 terra.“

125 1011 194 1052 ille
218 1016 343 1066 caput
367 1025 592 1065 quassans:
619 1024 731 1061 „non
754 1023 822 1051 me
846 1014 918 1051 tua
941 1008 1104 1050 fervida
1127 1013 1283 1050 terrent

125 1072 253 1124 dicta,
279 1071 418 1123 ferox3
443 1071 487 1113 di
509 1085 577 1112 me
601 1076 756 1112 terrent
779 1076 822 1112 et
842 1070 1034 1126 Iuppiter
1055 1069 1229 1112 hostis.“
1523 1083 1590 1115 895

124 1149 202 1177 nec
223 1133 345 1191 plura
368 1133 519 1176 effatus
545 1148 695 1175 saxum
719 1132 1001 1188 circumspicit
1024 1131 1187 1188 ingens,

126 1211 275 1240 saxum
297 1196 533 1252 antiquum,
557 1195 727 1252 ingens,
753 1210 902 1251 campo
926 1195 1041 1250 quod
1063 1194 1170 1237 forte
1193 1193 1357 1237 iacebat

124 1258 244 1301 limes
269 1273 370 1315 agro
393 1259 575 1314 positus,
600 1258 716 1300 litem
739 1263 787 1300 ut
810 1258 1063 1300 discerneret
1086 1257 1217 1309 arvis3

124 1321 197 1363 vix
219 1320 324 1362 illud
345 1320 442 1362 lecti
463 1320 529 1363 bis
555 1335 631 1362 sex
655 1320 815 1362 cervice
841 1319 1040 1370 subirent,

125 1383 265 1438 qualia
287 1396 397 1424 nunc
421 1382 637 1425 hominum
660 1382 852 1438 producit
875 1397 1050 1438 corpora
1073 1381 1217 1433 tellus;
1524 1394 1590 1426 900

125 1445 194 1487 ille
218 1460 345 1487 manu
368 1450 535 1500 raptum
558 1444 720 1500 trepida
743 1444 963 1499 torquebat
985 1444 1030 1486 in
1052 1443 1218 1486 hostem

126 1507 281 1550 altior'
269 1521 490 1564 msurgens
516 1512 558 1549 et
582 1521 708 1549 cursu
731 1506 919 1549 concitus
942 1505 1079 1548 heros.

128 1570 204 1612 sed
226 1583 363 1624 neque
388 1574 622 1611 currentem
647 1583 692 1612 se
716 1583 795 1612 nec
818 1568 1035 1626 cognoscit
1059 1574 1239 1619 euntem,

126 1631 423 1687 tollentemque
446 1646 595 1674 manus
622 1646 824 1674 saxumve
847 1631 1015 1673 inmane
1038 1636 1297 1682 moventem,

124 1709 264 1751 genua
285 1693 447 1745 labant,
471 1694 636 1751 gelidus
661 1693 872 1736 concrevit
894 1693 1051 1751 frigore
1076 1692 1261 1750 sanguis.
1523 1706 1588 1737 905

125 1762 215 1798 tum
238 1755 380 1813 lapis
368 1771 460 1812 lpse
483 1756 580 1807 viri,
605 1770 785 1798 vacuum
808 1770 884 1812 per
906 1756 1029 1798 inane
1052 1756 1234 1807 volutus,

124 1833 203 1861 nec
227 1819 408 1875 spatium
432 1819 583 1871 evasit,
609 1825 742 1862 totum
765 1833 901 1874 neque
923 1818 1093 1876 pertulit
1115 1819 1257 1861 ictum.

125 1896 175 1924 ac
198 1882 314 1924 velut
336 1882 381 1924 in
404 1882 581 1933 somnis,
608 1882 751 1924 oculos
774 1881 849 1924 ubi
871 1882 1071 1939 languida
1093 1881 1248 1937 pressit

124 1950 246 1987 nocte
270 1944 407 1999 quies,
431 1944 685 1999 nequiquam
709 1944 854 1987 avidos
879 1944 1101 1987 extendere
1126 1958 1273 1987 cursus

123 2006 231 2049 velle
254 2006 446 2049 videmur
468 2013 509 2049 et
531 2007 576 2049 in
599 2007 748 2049 mediis
773 2006 991 2049 conatibus
1016 2006 1132 2063 aegri
1522 2019 1588 2050 910

125 2068 398 2121 succidimus3
422 2084 508 2112 non
529 2069 675 2126 lingua
697 2069 827 2122 valet,
851 2085 937 2112 non
960 2084 1131 2126 corpore
1155 2075 1279 2112 notae

126 2130 340 2173 sufficiunt
362 2131 493 2183 vires,
518 2146 597 2174 nec
620 2146 704 2174 vox
729 2138 800 2175 aut
824 2132 954 2175 verba
978 2138 1226 2187 sequuntur:

126 2193 186 2234 sic
210 2193 374 2244 Turno,
399 2208 662 2248 quacumque
687 2195 799 2236 viam
821 2195 975 2237 virtute
998 2195 1157 2250 petivit,

127 2268 370 2296 successum
393 2256 472 2297 dea
497 2256 586 2297 dira
609 2262 748 2312 negat.
773 2262 862 2297 tum
885 2262 1054 2312 pectore
1079 2271 1227 2298 sensus

126 2323 342 2358 vertuntur
366 2317 469 2358 varii
477 2333 488 2367 ;
512 2317 692 2360 Rutulos
718 2318 934 2373 adspectat
957 2324 999 2360 et
1021 2318 1181 2368 urbem,
1522 2331 1586 2362 915

127 2384 423 2432 cunctaturque
448 2384 580 2429 metu,
606 2379 817 2434 telumque
840 2380 996 2421 instare
1020 2380 1243 2430 tremescit,

126 2453 203 2481 nec
227 2454 310 2494 quo
336 2454 381 2482 se
406 2440 570 2495 eripiat,
595 2455 673 2482 nec
698 2455 780 2495 qua
802 2441 846 2483 vi
868 2442 1012 2483 tendat
1033 2441 1079 2483 in
1100 2441 1277 2493 hostem,

125 2515 203 2543 nec
227 2516 371 2544 currus
396 2516 574 2557 usquam
599 2502 712 2544 videt
736 2503 1006 2560 aurigamque
1031 2518 1226 2546 sororem.

126 2564 337 2605 cunctanti
361 2564 489 2606 telum
512 2563 682 2606 Aeneas
707 2565 833 2607 fatale
858 2572 1060 2617 coruscat,

128 2626 296 2669 sortitus
321 2626 532 2669 fortunam
556 2627 706 2678 oculis,
733 2634 774 2670 et
798 2642 970 2684 corpore
994 2634 1081 2670 toto
1521 2642 1586 2673 920

126 2688 288 2731 eminus
312 2689 532 2743 intorquet.
558 2689 707 2731 murali
731 2690 892 2733 concita
915 2705 1142 2744 numquam

127 2757 328 2793 tormento
354 2752 414 2794 sic
439 2767 541 2794 saxa
565 2750 764 2803 fremunt,
790 2767 868 2795 nec
891 2753 1066 2795 fulmine
1090 2752 1192 2795 tanti
