1820 3080
379 285 462 326 230
776 290 816 323 P.
838 285 1068 323 VERGILII
1086 283 1310 319 MARONIS

344 391 346 394 ’
379 393 449 446 qui
471 391 576 433 bello
601 389 717 430 acciti
739 401 875 442 reges,
900 398 1005 438 quae
1028 397 1230 437 que-mque
1255 389 1416 424 secutae

292 584 355 614 645

290 883 354 914 650

291 1185 354 1215 655

292 1486 356 1516 660

293 1787 355 1816 665

293 2085 357 2114 670

295 2387 357 2416 675

379 451 601 505 conplerint
625 463 789 502 campos
813 446 940 494 acies,
965 444 1113 497 quibus
1137 443 1243 484 Itala
1264 444 1345 484 iam
1369 450 1455 484 tum

378 510 555 551 floruerit
578 516 684 550 terra
706 508 813 548 alma
835 506 951 554 viris,
976 505 1124 558 quibus
1149 504 1291 545 arserit
1314 504 1454 553 armis3

380 578 419 611 et
442 569 679 611 meministis
703 568 829 616 enim,
855 567 991 615 divae,
1017 571 1057 606 et
1086 578 1309 606 memorare
1331 565 1519 618 potestis3

378 631 430 671 ad
452 644 526 670 nos
550 629 620 669 vix
643 628 775 669 tenuis
799 627 933 667 famae
958 625 1179 681 perlabitur
1203 640 1312 666 aura.

432 690 595 730 Primus
619 689 692 728 init
714 688 867 729 bellum
890 686 1112 741 Tyrrhenis
1136 700 1256 740 asper
1278 685 1330 726 ab
1354 685 1434 726 oris

378 755 628 803 contemptor
651 749 788 789 divom
811 748 1044 788 Mezentius
1069 747 1312 802 agminaque
1336 752 1478 787 armat.

377 810 483 850 filius
507 810 602 850 huic
624 809 738 850 iuxta
759 810 945 858 Lausus,
970 822 1052 861 quo
1074 807 1279 862 pulchrior
1302 807 1403 848 alter

377 885 460 911 non
482 869 576 919 fuit,
602 875 772 924 excepto
795 869 1015 910 Laurentis
1040 883 1206 922 corpore
1231 868 1372 908 Turni.

376 931 562 980 Lausus,
589 944 739 983 equum
762 929 937 971 domitor
959 929 1259 982 debellatorque
1283 927 1472 975 ferarum,

379 991 491 1031 ducit
513 990 711 1046 Agullina
733 991 980 1044 nequiquam
1003 1004 1055 1030 ex
1077 989 1178 1030 urbe
1202 994 1363 1030 secutos

380 1051 489 1092 mille
512 1051 640 1100 viros,
666 1051 814 1106 dignus
837 1050 979 1105 patriis
1004 1050 1074 1102 qui
1097 1049 1238 1090 laetior
1262 1055 1370 1090 esset

378 1112 556 1166 imperiis
582 1118 622 1153 et
644 1112 710 1152 cui
732 1118 848 1166 pater
870 1111 981 1152 haud
1003 1110 1235 1151 Mezentius
1259 1114 1379 1150 esset.

432 1172 536 1213 Post
557 1172 632 1213 hos
655 1172 858 1227 insignem
881 1171 1017 1226 palma
1038 1185 1112 1226 per
1134 1170 1317 1226 gramina
1341 1183 1502 1210 currum

378 1232 631 1285 victoresque
655 1238 830 1273 ostentat
853 1246 980 1284 equos
1005 1237 1117 1272 satus
1143 1230 1321 1271 Hercule
1343 1229 1513 1283 pulchro

379 1292 548 1346 pulcher
570 1291 820 1341 Aventinus,
846 1291 1057 1346 clipeoque
1080 1291 1240 1345 insigne
1263 1295 1475 1343 paternum

380 1359 542 1393 centum
565 1367 720 1408 angues
746 1353 998 1405 cinctamque
1022 1351 1126 1406 gerit
1150 1349 1404 1404 serpentibus
1428 1348 1628 1402 Hydram,

380 1413 492 1453 collis
515 1412 712 1453 Aventini
736 1413 839 1453 silva
861 1426 983 1465 quem
1006 1412 1124 1452 Rhea
1148 1410 1337 1451 sacerdos

378 1473 574 1514 furtivum
596 1479 715 1527 partu
740 1472 815 1513 sub
839 1472 1004 1513 luminis
1029 1472 1154 1512 edidit
1177 1486 1281 1521 oras,

378 1533 506 1574 mixta
528 1534 605 1574 deo
630 1533 790 1582 mulier,
815 1538 1033 1586 postquam
1055 1532 1281 1573 Laurentia
1304 1531 1433 1571 victor

381 1591 571 1647 Geryone
595 1594 794 1634 exstincto
818 1593 1055 1647 Tirynthius
1081 1592 1214 1647 attigit
1236 1607 1334 1632 arva

380 1653 672 1707 Tyrrhenoque
695 1653 822 1694 boves
846 1654 888 1694 in
911 1653 1077 1693 flumine
1100 1653 1198 1693 lavit
1222 1651 1413 1693 Hiberas.

379 1714 461 1767 pila
484 1729 608 1754 manu
631 1728 858 1767 saevosque
881 1719 1028 1768 gerunt
1050 1713 1094 1754 in
1116 1713 1225 1754 bella
1247 1712 1414 1753 dolones

381 1780 420 1814 et
444 1774 558 1814 tereti
579 1779 765 1828 pugnant
787 1788 980 1815 mucrone
1003 1787 1184 1826 veruque
1210 1771 1387 1815 Sabello.

379 1835 468 1887 ipse
491 1834 635 1887 pedes,
661 1840 855 1889 tegumen
878 1840 1070 1886 torquens
1093 1834 1256 1874 inmane
1279 1832 1409 1874 leonis

380 1893 547 1933 terribili
569 1893 763 1946 inpexum
787 1899 918 1941 saeta,
944 1907 1037 1934 cum
1061 1893 1249 1933 dentibus
1275 1892 1377 1933 albis

379 1953 546 1992 indutus
571 1952 710 2006 capiti,
737 1952 796 1993 sic
818 1953 932 2007 regia
954 1958 1061 1993 tecta
1085 1951 1259 2000 subibat,

379 2012 566 2052 horridus
590 2012 878 2065 Herculeoque
900 2012 1091 2052 humeros
1114 2012 1288 2052 innexus
1312 2011 1475 2051 amictu.

436 2072 544 2112 Tum
568 2072 720 2126 gemini
743 2072 887 2113 fratres
912 2071 1099 2113 Tiburtia
1121 2071 1282 2113 moenia
1302 2071 1502 2123 linquunt,

380 2131 515 2173 fratris
540 2132 701 2172 Tiburti
724 2132 873 2172 dictam
897 2132 1139 2186 cognomine
1161 2137 1338 2186 gentem,

382 2191 637 2245 Catillusque
661 2205 833 2244 acerque
859 2191 1007 2241 Coras,
1031 2190 1192 2246 Argiva
1213 2191 1417 2239 iuventus,

381 2259 421 2294 et
443 2254 615 2308 primam
639 2258 732 2293 ante
755 2253 885 2293 aciem
908 2253 1036 2294 densa
1058 2253 1163 2293 inter
1185 2252 1265 2293 tela
1287 2252 1484 2299 feruntur,

382 2327 458 2355 ceu
481 2314 562 2354 duo
586 2313 816 2367 nubigenae
840 2327 934 2354 cum
956 2313 1107 2367 vertice
1130 2313 1279 2353 montis
1304 2311 1356 2353 ab
1380 2311 1462 2352 alto

382 2374 633 2415 descendunt
658 2373 869 2423 Centauri,
895 2374 1103 2415 Homolen
1127 2372 1386 2427 Othrquue
1410 2371 1588 2412 nivalem

381 2434 609 2487 linquentes
635 2448 757 2475 cursu
779 2434 940 2489 rapido3
965 2435 1034 2475 dat
1057 2433 1246 2476 euntibus
1270 2434 1415 2488 ingens

383 2495 486 2536 silva
506 2494 641 2536 locum
665 2501 705 2536 et
727 2509 876 2550 magno
901 2495 1050 2536 cedunt
1071 2494 1248 2549 virgulta
1270 2493 1443 2548 fragore.

436 2554 523 2595 Nec
545 2554 835 2598 Praenestinae
857 2555 1050 2597 fundator
1071 2555 1202 2596 defuit
1223 2554 1349 2603 urbis,

381 2612 565 2655 Volcano
588 2616 771 2669 genitum
793 2629 940 2671 pecora
962 2616 1066 2657 inter
1088 2615 1266 2671 agrestia
1286 2627 1425 2669 regem

297 2685 360 2716 680
382 2673 671 2727 inventumque
694 2676 796 2718 focis
821 2677 952 2718 omnis
975 2690 1098 2729 quem
1121 2675 1289 2716 credidit
1311 2679 1437 2720 aetas,
