1794 3048
338 303 422 344 220
741 310 784 344 Ρ.
803 308 1035 345 VERGILII
1052 308 1276 347 MARONIS

337 412 447 468 picta
469 418 623 461 movet,
649 425 724 452 nec
748 416 908 465 sceptra
930 416 1095 452 movent
1117 409 1321 452 Priameia
1344 417 1513 463 tantum,

338 479 535 526 quantum
558 472 600 512 in
624 471 798 513 conubio
821 477 940 513 natae
964 471 1224 525 thalamoque
1246 478 1443 523 moratur3

338 540 378 574 et
401 533 549 574 veteris
572 532 707 574 Fauni
728 532 856 574 volvit
880 532 957 574 sub
979 539 1144 588 pectore
1169 538 1337 574 sortem:

250 604 314 636 255
337 594 447 635 hunc
469 594 585 635 illum
607 593 703 635 fatis
728 599 895 635 externa
918 593 970 636 ab
996 594 1092 635 sede
1115 593 1344 648 profectum

335 655 523 710 portendi
545 669 759 710 generum,
783 654 1032 710 paribusque
1054 655 1098 696 in
1119 669 1247 711 regna
1269 655 1407 696 vocari

337 717 548 771 auspiciis3
572 716 667 758 huic
688 716 927 772 progeniem
949 717 1098 758 virtute
1121 716 1301 757 futuram

337 777 545 833 egregiam
569 782 610 819 et
631 783 762 819 totum
785 791 890 831 quae
914 777 1068 819 viribus
1093 783 1264 832 occupet
1286 776 1437 818 orbem.

337 839 502 879 tandem
523 838 653 880 laetus
678 838 751 879 ait:
779 838 846 889 „di
869 844 1008 879 nostra
1030 838 1192 892 incepta
1216 838 1439 879 secundent

249 912 314 943 260
337 899 634 955 auguriumque
659 898 797 940 suuml
823 898 1002 948 dabitur,
1028 899 1222 949 Troiane,
1247 899 1358 952 quod
1381 905 1509 954 optas.

337 975 506 1001 munera
528 974 605 1001 nec
628 974 787 1015 sperno.
812 974 895 1001 non
917 959 1035 1001 vobis
1058 974 1156 1015 rege
1180 960 1332 1002 Latino

337 1020 473 1062 divitis
497 1019 599 1062 uber
621 1020 710 1076 agri
733 1020 933 1062 Troiaeve
957 1020 1164 1075 opulentia
1187 1021 1326 1061 deerit.

335 1081 425 1135 ipse
448 1081 570 1123 modo
595 1079 779 1131 Aeneas,
805 1081 934 1122 nostri
958 1081 993 1122 si
1022 1086 1134 1122 tanta
1157 1081 1305 1135 cupido
1329 1087 1403 1131 est,

339 1142 375 1182 si
396 1142 512 1198 iungi
533 1141 711 1196 hospitio
734 1147 924 1196 properat
948 1141 1164 1195 sociusque
1187 1141 1337 1191 vocari,

249 1215 312 1246 265
337 1202 544 1253 adveniat,
569 1203 703 1244 voltus
728 1216 832 1243 neve
856 1202 1116 1243 exhorrescat
1138 1202 1305 1243 amicos.

335 1278 431 1318 pars
454 1263 555 1304 mihi
576 1263 690 1318 pacis
714 1263 789 1304 erit
811 1263 996 1304 dextram
1019 1262 1203 1318 tetigisse
1226 1263 1399 1317 tyranni.

336 1339 410 1366 vos
435 1330 574 1366 contra
595 1323 685 1379 regi
706 1337 798 1364 mea
821 1337 929 1364 nunc
952 1323 1145 1364 mandata
1166 1322 1327 1364 referte.

338 1391 401 1426 est
424 1384 524 1425 mihi
545 1390 659 1434 nata,
686 1384 774 1425 viro
797 1384 932 1439 gentis
956 1397 1080 1438 quam
1104 1384 1271 1439 iungere
1294 1389 1456 1425 nostrae

337 1461 420 1487 non
441 1445 572 1500 patrio
596 1459 648 1487 ex
671 1445 794 1500 adyto
819 1450 968 1495 sortes,
991 1459 1075 1486 non
1097 1445 1272 1499 plurima
1295 1445 1406 1486 caelo

251 1522 314 1551 270
337 1513 518 1548 monstra
541 1506 678 1548 sinunt
685 1522 696 1556 3
721 1520 893 1562 generos
919 1506 1095 1547 externis
1120 1505 1261 1547 adfore
1284 1505 1336 1547 ab
1360 1506 1455 1555 oris,

337 1568 415 1610 hoc
437 1567 561 1609 Latio
583 1573 736 1609 restare
760 1572 928 1617 canunt,
953 1567 1024 1621 qui
1049 1566 1247 1622 sanguine
1270 1573 1455 1608 nostrum

338 1643 487 1671 nomen
509 1629 552 1669 in
574 1634 684 1670 astra
707 1628 850 1670 ferant.
875 1627 985 1669 hunc
1007 1628 1123 1669 illum
1143 1642 1314 1683 poscere
1337 1627 1423 1669 fata

340 1696 381 1731 et
401 1704 494 1732 reor
518 1695 575 1740 et,
602 1689 638 1731 si
660 1689 759 1743 quid
782 1689 868 1731 veri
890 1703 1006 1731 mens
1030 1694 1221 1744 augurat,
1246 1691 1383 1743 opto.“

338 1751 441 1792 haec
464 1750 612 1792 effatus
637 1764 764 1804 equos
787 1764 959 1791 numero
981 1755 1097 1805 pater
1120 1749 1234 1805 eligit
1256 1749 1378 1791 omni.

252 1826 316 1857 275
342 1812 504 1854 stabant
527 1818 588 1853 ter
611 1818 774 1854 centum
796 1811 914 1852 nitidi
935 1811 979 1852 in
1001 1811 1267 1866 praesepibus
1291 1810 1396 1852 altis.

340 1873 528 1914 omnibus
553 1872 757 1927 extemplo
781 1872 952 1914 Teucris
976 1871 1089 1914 iubet
1111 1872 1252 1913 ordine
1275 1871 1370 1912 duci

339 1934 531 1975 instratos
561 1939 671 1975 ostro
695 1932 875 1988 alipedes
898 1932 1100 1987 pictisque
1123 1932 1270 1987 tapetis
1278 1948 1290 1982 ;

339 1993 715 2049 aureapectoribus
740 1992 920 2034 demissa
942 1993 1110 2034 monilia
1131 1993 1309 2047 pendent
1316 2009 1328 2043 3

341 2055 438 2097 tecti
461 2069 559 2096 auro
582 2054 742 2095 fulvum
765 2054 963 2094 mandunt
987 2053 1064 2095 sub
1088 2053 1278 2095 dentibus
1302 2068 1466 2103 aurum3

253 2130 316 2161 280
339 2116 499 2158 absenti
520 2114 689 2156 Aeneae
713 2129 875 2156 currum
898 2114 1164 2169 geminosque
1187 2114 1335 2170 iugalis

341 2176 495 2219 semine
518 2175 570 2218 ab
595 2175 792 2225 aetherio,
819 2175 1008 2230 spirantis
1031 2175 1198 2216 naribus
1222 2175 1373 2230 ignem,

340 2239 502 2280 illorum
526 2238 577 2279 de
600 2243 740 2293 gente,
764 2237 870 2292 patri
893 2250 996 2290 quos
1022 2236 1194 2278 daedala
1218 2235 1338 2278 Circe

342 2299 555 2355 supposita
577 2299 628 2340 de
651 2303 780 2340 matre
803 2298 951 2340 nothos
975 2297 1109 2339 furata
1132 2297 1297 2339 creavit.

341 2361 490 2403 talibus
513 2359 736 2402 Aeneadae
760 2361 878 2402 donis
902 2361 1102 2414 dictisque
1125 2361 1267 2402 Latini
1296 2366 1318 2378 ’

255 2436 318 2466 285
343 2421 537 2464 sublimes
559 2422 604 2463 in
626 2422 741 2476 equis
764 2422 953 2472 redeunt,
977 2436 1202 2477 pacemque
1224 2427 1441 2477 reportant.

396 2483 508 2525 Ecce
532 2488 668 2524 autem
690 2482 869 2525 Inachiis
895 2497 985 2524 sese
1008 2482 1211 2525 referebat
1233 2482 1285 2525 ab
1307 2481 1436 2538 Argis

344 2558 467 2585 saeva
489 2543 601 2585 Iovis
625 2543 820 2594 coniunx,
846 2558 1047 2598 aurasque
1070 2544 1232 2586 invecta
1254 2542 1429 2592 tenebat,

344 2611 384 2645 et
405 2605 558 2646 laetum
579 2603 754 2646 Aenean
776 2604 1031 2658 classemque
1055 2610 1107 2646 ex
1130 2604 1291 2646 aethere
1314 2603 1436 2658 longe

342 2665 596 2706 Dardaniam
621 2664 760 2708 Siculo
781 2666 992 2721 prospexit
1014 2665 1066 2707 ab
1090 2679 1219 2719 usque
1243 2663 1450 2719 Pachyno.

257 2738 321 2770 290
344 2726 476 2768 moliri
498 2726 580 2767 iam
603 2731 710 2768 tecta
731 2727 860 2777 videt,
885 2727 967 2769 iam
989 2726 1114 2768 fidere
1138 2732 1279 2775 terrac,
