1780 3074
525 279 825 318 GEORGICON
842 278 941 316 LIB.
960 279 1028 317 111.

89 386 211 429 molle
234 399 385 442 pecus,
411 384 679 440 scabiemque
701 385 808 428 ferat
831 385 1047 441 turpisque
1070 384 1291 442 podagras.

87 455 184 505 post
206 448 304 490 hinc
326 448 541 505 digressus
565 448 690 490 iubeo
714 447 951 490 frondentia
973 447 1109 504 capris
1260 442 1267 445 ⁷

88 510 236 553 arbuta
260 510 454 553 sufficere
478 517 519 553 et
541 510 692 553 fluvios
716 509 916 567 praebere
938 516 1139 561 recentes,

88 580 130 615 et
154 572 318 615 stabula
341 589 367 615 a
389 573 524 615 ventis
548 572 723 615 hiberno
746 587 957 628 opponere
981 572 1060 614 soli

89 635 143 678 ad
167 635 350 677 medium
374 650 576 678 conversa
598 635 728 686 diem,
754 649 851 677 cum
873 634 1051 691 frigidus
1075 634 1176 677 olim

89 698 172 739 iam
196 697 307 740 cadit
330 703 599 752 extremoque
622 697 778 739 inrorat
800 695 1015 751 Aquarius
1041 711 1163 739 anno.

88 758 192 802 haec
216 774 381 815 quoque
404 775 487 802 non
513 774 614 802 cura
635 758 757 801 nobis
782 758 936 800 leviore
960 759 1135 810 tuenda;

88 836 167 864 nec
189 822 325 864 minor
346 836 449 863 usus
475 821 569 871 erit,
594 820 787 875 quamvis
810 819 981 862 Milesia
1004 835 1158 877 magno

89 883 243 926 vellera
265 890 478 924 mutentur
501 883 652 939 Tyrios
676 883 839 924 incocta
861 881 1050 924 rubores.

89 945 255 987 densior
278 944 375 987 hinc
399 944 587 995 suboles,
612 944 709 987 hinc
732 944 839 1001 largi
862 944 984 1000 copia
1006 944 1146 995 lactis3

89 1022 216 1062 quam
239 1007 374 1064 magis
399 1007 604 1049 exhausto
629 1006 885 1063 spumaverit
907 1005 1035 1048 ubere
1059 1007 1248 1057 mulctra,

89 1069 198 1112 laeta
221 1070 356 1126 mag-is
380 1069 536 1125 pressis
560 1068 789 1111 manabunt
811 1068 985 1110 flumina
1007 1068 1214 1111 mammis.

89 1147 168 1174 nec
190 1132 328 1174 minus
351 1131 510 1174 interea
531 1130 684 1173 barbas
707 1130 940 1186 incanaque
963 1137 1104 1173 menta

92 1194 292 1250 Cinyphii
315 1194 486 1236 tondent
508 1193 613 1236 hirci
637 1199 857 1248 saetasque
881 1200 1095 1236 comantes

91 1271 216 1298 usum
238 1257 283 1298 in
306 1262 535 1298 castrorum
559 1262 601 1298 et
623 1256 786 1298 miseris
810 1255 1017 1298 velamina
1040 1256 1190 1298 nautis.

91 1325 318 1375 pascuntur
340 1333 439 1360 vero
464 1318 590 1361 silvas
615 1325 657 1360 et
681 1333 846 1360 summa
866 1318 1042 1374 Lycaei,

91 1381 379 1435 horrentisque
400 1379 528 1422 rubos
551 1386 593 1422 et
616 1380 793 1422 amantis
817 1380 948 1422 ardua
971 1380 1134 1422 dumos.

93 1450 218 1498 atque
241 1443 358 1498 ipsae
382 1457 586 1484 memores
609 1442 785 1484 redeunt
806 1442 852 1483 in
874 1448 984 1484 tecta
1009 1457 1191 1496 suosque

93 1505 253 1547 ducunt
276 1510 318 1547 et
340 1505 514 1561 gravido
540 1510 738 1560 superant
760 1504 833 1545 vix
855 1503 983 1546 ubere
1006 1504 1146 1546 limen.

93 1582 192 1624 ergo
217 1567 332 1610 omni
355 1567 492 1609 studio
516 1567 695 1623 glaciem
718 1573 950 1621 ventosque
973 1567 1136 1617 nivalis,

93 1644 177 1684 quo
199 1630 335 1672 minor
357 1635 422 1672 est
444 1629 525 1672 illis
550 1643 674 1672 curae
697 1629 884 1671 mortalis
909 1635 1089 1686 egestaS,

94 1698 256 1735 avertes
280 1692 520 1747 victumque
543 1691 654 1734 feres
678 1698 718 1734 et
742 1691 886 1748 virgea
908 1691 1042 1733 laetus

94 1753 266 1810 pabula,
290 1768 369 1796 nec
393 1760 479 1796 tota
503 1754 672 1796 claudes
696 1753 866 1796 faenilia
887 1753 1049 1795 bruma.

95 1823 138 1858 at
161 1831 260 1858 vero
284 1816 479 1872 zephyris
505 1831 601 1858 cum
625 1816 735 1858 laeta
757 1815 1003 1858 vocantibus
1028 1822 1179 1866 aestas,

94 1878 137 1919 in
163 1878 293 1920 saltus
316 1884 539 1933 utrumque
562 1893 734 1935 gregem
758 1884 883 1932 atque
906 1878 951 1919 in
971 1892 1130 1933 pascua
1153 1878 1305 1920 mittes.

100 1940 284 1982 Luciferi
306 1940 442 1996 primo
466 1955 562 1982 cum
587 1940 722 1982 sidere
745 1939 899 1996 frigida
919 1955 1017 1982 rura

95 2017 335 2058 carpamus,
361 2002 462 2044 dum
485 2017 608 2044 mane
631 2017 808 2052 novum,
834 2002 935 2043 dum
958 2002 1148 2058 gramina
1171 2008 1334 2052 canent,

95 2071 137 2106 et
158 2080 227 2107 ros
251 2065 296 2106 in
320 2071 461 2107 tenera
482 2065 623 2122 pecori
646 2065 910 2122 gratissimus
934 2065 1077 2108 herba.

94 2127 191 2169 inde
214 2127 286 2169 ubi
310 2134 459 2182 quarta
482 2127 596 2170 sitim
619 2127 724 2170 caeli
749 2127 964 2184 collegerit
987 2127 1092 2170 hora

96 2196 138 2231 et
160 2196 285 2231 cantu
308 2190 506 2245 querulae
529 2196 726 2246 rumpent
748 2189 920 2232 arbusta
943 2190 1124 2240 cicadae,

96 2252 152 2294 ad
172 2259 320 2308 puteos
346 2259 418 2294 aut
440 2252 525 2294 alta
547 2267 700 2309 greges
724 2252 779 2294 ad
802 2259 952 2309 stagna
973 2252 1116 2294 iubeto

97 2321 331 2356 currentem
354 2314 494 2371 ilignis
518 2321 662 2370 potare
686 2314 901 2356 canalibus
925 2314 1102 2364 undam3

98 2375 282 2418 aestibus
307 2382 350 2418 at
372 2377 520 2418 mediis
543 2376 787 2418 umbrosam
811 2377 1027 2430 exquirere
1051 2375 1215 2425 vallem,

100 2438 233 2481 sicubi
256 2454 409 2495 magna
432 2438 546 2480 Iovis
570 2438 742 2492 antiquo
764 2438 913 2480 robore
937 2452 1115 2492 quercus

99 2501 278 2557 ingentis
303 2501 445 2542 tendat
467 2514 626 2549 ramos,
651 2505 722 2541 aut
747 2498 881 2541 sicubi
903 2499 1071 2555 nigrum

100 2562 262 2605 ilicibus
287 2562 443 2605 crebris
468 2576 586 2604 sacra
609 2575 757 2603 nemus
782 2560 959 2603 accubet
981 2559 1148 2610 umbra3

101 2631 190 2666 tum
213 2625 349 2667 tenuis
373 2625 472 2667 dare
495 2639 639 2666 rursus
664 2637 795 2677 aquas
819 2629 861 2664 et
883 2636 1055 2678 pascere
1077 2637 1222 2664 rursus

104 2686 202 2728 solis
225 2687 280 2729 ad
303 2701 516 2737 occasum,
542 2701 639 2728 cum
662 2684 840 2741 frigidus
865 2698 963 2726 aera
984 2698 1135 2739 vesper

105 2755 306 2804 temperat
328 2756 370 2792 et
393 2749 524 2792 saltus
547 2747 680 2790 reficit
702 2747 786 2789 iam
808 2746 974 2789 roscida
996 2745 1109 2796 luna,

178 2825 330 2860 Vergilius.
1215 2817 1239 2853 5

1483 459 1550 491 300

1487 771 1552 802 305

1488 1082 1555 1114 310

1489 1394 1556 1424 315

1492 1703 1559 1734 320

1493 2014 1559 2044 325

1495 2324 1562 2356 330

1496 2633 1561 2665 335
1635 2663 1652 2672 ,
