1820 3054
379 308 462 350 370
780 312 822 345 P.
841 308 1071 346 VERGILII
1089 305 1314 342 MARONIS

289 431 352 463 395
376 423 417 459 et
439 417 585 471 glauco
609 413 803 468 bipedum
827 424 948 451 curru
970 408 1134 449 metitur
1157 421 1366 460 equorum,

288 734 352 763 400

289 1040 353 1070 405

294 1343 357 1373 410

297 1645 360 1674 415

301 1948 364 1977 4:20

304 2249 367 2280 425

306 2552 369 2583 430

376 475 632 523 Leucothea,
657 484 892 528 parvusque
916 470 993 511 dea
1016 483 1110 510 cum
1133 473 1263 509 matre
1285 467 1529 519 Palaemon3

377 538 488 579 illam
512 535 652 584 etiam,
677 533 853 574 alternas
878 530 1008 572 sortiti
1030 530 1168 571 vivere
1191 529 1318 579 luces,

378 613 471 638 cara
494 596 605 637 Iovis
631 593 814 643 suboles,
838 606 1033 647 magnum
1057 590 1169 632 Iovis
1193 590 1500 640 incrementum,

378 656 640 713 Tyndaridae
663 655 804 696 niveos
829 653 1026 709 mirantur
1049 651 1218 707 virginis
1243 658 1367 693 artus.

378 720 451 760 has
476 718 579 759 adeo
602 731 725 758 voces
750 721 872 769 atque
895 714 998 756 haec
1020 714 1199 755 lamenta
1220 727 1293 767 per
1316 728 1435 755 auras

375 779 566 822 fluctibus
590 779 633 820 in
656 777 801 819 mediis
825 782 975 831 questu
997 775 1189 817 volvebat
1211 775 1335 824 inani,

377 842 430 883 ad
453 840 611 882 caelum
634 839 777 880 infelix
800 837 984 880 ardentia
1005 836 1160 878 lumina
1183 835 1368 885 tendens,

376 902 550 944 lumina:
575 916 671 942 nam
694 906 854 942 teneras
879 898 1072 940 arcebant
1094 897 1259 939 vincula
1281 897 1459 952 palmas:

380 962 646 1018 „supprimite
670 976 694 1004 o
717 961 901 1016 paullum
925 959 1075 1001 turbati
1098 959 1264 1000 flamina
1286 958 1409 1007 venti,

379 1026 477 1066 dum
501 1039 648 1077 queror
670 1029 711 1064 et
733 1023 868 1072 divos,
893 1035 1142 1076 quamquam
1165 1020 1222 1061 nil
1246 1019 1417 1061 testibus
1441 1019 1520 1060 illis

377 1085 551 1141 profeci,
577 1091 758 1126 extrema
781 1083 957 1125 moriens
982 1088 1119 1123 tamen
1143 1081 1340 1134 adloquor
1362 1080 1474 1121 hora.

379 1161 454 1187 vos
479 1160 575 1201 ego,
600 1159 674 1186 vos
699 1145 820 1194 adeo,
845 1144 974 1194 venti,
1000 1142 1197 1191 testabor,
1223 1148 1262 1183 et
1286 1156 1420 1191 aurae,

381 1221 475 1255 vos,
500 1205 729 1247 Pandionia
753 1206 787 1247 si
811 1205 882 1259 qui
905 1205 956 1246 de
979 1209 1102 1260 gente
1126 1203 1286 1252 venitis,

384 1267 564 1308 cernitis:
590 1267 659 1308 illa
683 1281 759 1322 ego
785 1281 877 1308 sum
900 1271 1075 1320 cognato
1100 1264 1298 1319 sanguine
1321 1262 1439 1304 vobis

385 1328 542 1383 Scylla3
567 1328 677 1382 quod
700 1342 724 1369 o
750 1327 864 1369 salva
885 1326 1006 1368 liceat
1029 1332 1069 1367 te
1093 1325 1227 1366 dicere
1250 1324 1432 1374 Procne;

381 1389 451 1430 illa
475 1403 552 1443 ego
577 1403 669 1430 sum
691 1388 782 1429 Nisi
805 1387 995 1442 pollentis
1020 1386 1103 1427 filia
1126 1385 1344 1439 quondam,

383 1449 566 1490 certatim
590 1463 642 1490 ex
665 1448 776 1490 omni
798 1448 914 1503 petiit
936 1462 1060 1501 quam
1085 1445 1260 1488 Graecia
1282 1460 1422 1501 regno,

384 1524 466 1563 qua
489 1524 638 1551 curvus
663 1516 790 1551 terras
814 1508 1072 1564 amplectitur
1094 1507 1411 1563 Hellespontus;

382 1570 452 1611 illa
475 1584 552 1624 ego
577 1585 686 1620 sum,
710 1570 870 1620 Minos,
896 1575 1052 1612 sacrato
1075 1569 1240 1611 foedere
1265 1568 1441 1610 coniunx

385 1631 494 1671 dicta
516 1630 607 1680 tibi;
632 1638 768 1673 tamen
790 1631 910 1681 haec,
936 1630 1012 1672 etsi
1036 1645 1119 1672 non
1142 1629 1310 1684 accipis,
1336 1629 1466 1670 audis,

385 1691 573 1732 vinctanc
597 1698 679 1734 tam
703 1693 843 1749 magni
866 1692 1035 1735 tranabo
1059 1692 1233 1748 gurgitis
1257 1690 1414 1733 undas?

386 1752 523 1792 vincta
547 1757 605 1792 tot
628 1753 820 1796 adsiduas
843 1753 1031 1809 pendebo
1055 1768 1107 1795 ex
1131 1753 1271 1794 ordine
1294 1751 1432 1794 luces?

386 1827 470 1854 non
492 1812 681 1865 equidem
704 1829 768 1856 me
792 1815 871 1856 alio
893 1830 1063 1870 possum
1087 1814 1330 1856 contendere
1353 1814 1520 1868 dignam

390 1873 607 1928 supplicio,
632 1875 742 1926 quod
766 1876 824 1917 sic
846 1876 1020 1931 patriam
1044 1890 1239 1930 carosque
1262 1881 1431 1930 penates

390 1934 576 1976 hostibus
600 1934 810 1987 inmitique
834 1937 972 1978 addixi
994 1937 1137 1992 ignara
1161 1943 1345 1991 tyranno.

389 2009 532 2035 verum
555 1994 729 2043 isthaec,
753 1994 910 2046 Minos,
934 1998 1026 2039 illos
1052 1998 1248 2039 scelerata
1269 1997 1424 2051 putavi,

391 2055 426 2096 si
449 2060 587 2095 nostra
610 2059 703 2095 ante
727 2053 873 2106 aliquis
896 2058 1090 2099 nudasset
1113 2057 1279 2098 foedera
1303 2071 1436 2105 casus,

390 2115 589 2164 facturos,
615 2128 788 2167 quorum
811 2114 975 2169 direptis
999 2117 1212 2159 moenibus
1236 2116 1363 2167 urbis,

391 2190 416 2217 o
441 2187 518 2231 ego
542 2174 736 2223 crudelis,
760 2174 924 2215 flamma
947 2176 1113 2219 delubra
1135 2178 1280 2232 petivi3

391 2242 431 2277 te
454 2250 551 2276 vero
575 2235 727 2276 victore
749 2235 862 2290 prius
886 2235 952 2276 vel
976 2236 1105 2280 sidera
1129 2253 1271 2280 cursus

394 2301 599 2337 mutatura
623 2310 739 2346 suos,
765 2309 888 2349 quam
913 2301 952 2336 te
976 2296 1074 2337 mihi
1097 2299 1192 2340 talia
1215 2304 1358 2354 captae

392 2356 597 2398 facturum
620 2356 758 2398 metui.
782 2356 864 2397 iam
887 2355 970 2397 iam
994 2356 1125 2398 scelus
1149 2360 1284 2401 omnia
1306 2359 1442 2400 vincit.

393 2417 477 2459 ten’
501 2432 579 2473 ego
601 2418 694 2473 plus
718 2417 849 2473 patrio
873 2417 997 2458 dilexi
1019 2418 1176 2472 perdita
1196 2420 1347 2475 regno?

394 2478 478 2520 ten’
502 2479 604 2533 ego?
626 2493 701 2520 nec
725 2478 891 2528 mirum,
916 2478 1030 2519 voltu
1054 2478 1223 2533 decepta
1245 2481 1380 2533 puella

393 2545 438 2580 ut
461 2539 563 2589 vidi,
588 2545 634 2580 ut
656 2538 775 2594 perii!
799 2545 846 2581 ut
867 2553 934 2581 me
957 2539 1088 2582 malus
1113 2539 1279 2593 abstulit
1302 2540 1427 2582 errori

393 2615 476 2642 non
498 2601 688 2654 equidem
712 2615 764 2642 ex
786 2600 866 2643 isto
891 2600 1052 2655 speravi
1075 2615 1242 2655 corpore
1266 2615 1386 2655 posse

394 2660 474 2702 tale
497 2661 651 2702 malum
673 2661 806 2712 nasci3
830 2661 963 2703 forma
985 2661 1051 2702 vel
1074 2661 1206 2703 sidere
1228 2660 1358 2702 fallor.

394 2735 459 2762 me
483 2736 566 2763 non
589 2721 744 2764 deliciis
769 2722 988 2764 commovit
1009 2721 1124 2776 regia
1144 2722 1273 2771 dives,
