1820 3080
306 587 346 616 55

305 889 346 918 60

306 1192 346 1222 65

308 1494 347 1523 70

307 1804 347 1833 75

303 2105 346 2135 80

301 2409 343 2439 85

303 2708 344 2739 90

373 282 455 323 300
771 288 813 322 Ρ.
831 285 1059 322 VERGILII
1080 283 1303 321 MARONIS

372 390 586 432 debentem
610 401 713 428 vano
738 386 884 427 maesti
906 386 1146 427 comitamur
1168 385 1332 428 honore.

370 450 529 498 infelix,
554 448 637 489 nati
662 447 785 487 funus
810 446 972 487 crudele
996 446 1172 488 videbisl

370 511 412 551 hi
436 509 563 551 nostri
585 508 738 549 reditus
764 506 1067 561 exspectatique
1092 507 1311 562 triumphi?

370 572 471 611 haec
494 583 586 610 mea
608 583 759 623 magna
782 567 910 609 fides?
933 574 974 609 at
997 582 1096 618 non,
1121 567 1335 618 Euandre,
1360 570 1559 623 pudendis

370 629 603 672 volneribus
626 629 791 684 pulsum
815 628 1007 683 aspicies,
1031 643 1108 670 nec
1133 630 1284 684 sospite
1308 630 1440 671 dirum

370 692 529 747 optabis
553 698 649 733 nato
673 690 798 732 funus
821 697 948 745 pater.
973 690 1040 732 hei
1063 691 1180 740 mihi,
1205 697 1403 745 quantum

368 753 617 809 praesidium
639 751 828 794 Ausonia
851 758 891 793 et
914 758 1112 806 quantum
1135 759 1180 793 tu
1201 753 1357 808 perdis,
1382 753 1522 795 Iule!“

425 813 544 856 Haec
566 813 638 855 ubi
661 813 842 863 deflevit,
868 812 953 854 tolli
975 813 1206 855 miserabile
1230 828 1374 869 corpus

369 875 542 929 imperat
565 881 605 916 et
628 880 712 917 toto
735 874 863 916 lectos
888 888 939 915 ex
963 874 1125 930 agmine
1149 875 1271 916 mittit

369 935 478 977 mille
502 935 629 985 viros,
654 935 725 989 qui
749 949 984 990 supremum
1008 935 1251 977 comitentur
1271 935 1479 985 honorem,

369 996 633 1050 intersintque
656 996 782 1051 patris
806 995 1000 1045 lacrimis,
1027 995 1170 1037 solatia
1191 996 1324 1038 luctus

370 1057 520 1112 exigua
542 1058 736 1113 ingentis,
761 1057 910 1098 misero
935 1057 1008 1098 sed
1032 1056 1168 1098 debita
1189 1057 1307 1111 patri.

370 1118 481 1159 haud
505 1133 651 1174 segnes
676 1118 743 1159 alii
767 1123 897 1159 crates
923 1123 962 1158 et
985 1117 1107 1158 molle
1130 1117 1325 1159 feretrum

371 1178 549 1220 arbuteis
575 1185 716 1220 texunt
739 1179 865 1234 virgis
891 1184 931 1219 et
953 1179 1103 1219 vimine
1127 1193 1294 1231 querno,

372 1245 682 1293 exstructosque
706 1246 814 1281 toros
840 1238 1010 1280 obtentu
1032 1238 1188 1280 frondis
1212 1239 1457 1281 inumbrant.

370 1299 437 1341 hic
460 1300 648 1342 iuvenem
672 1300 824 1355 agresti
847 1299 1062 1341 sublimem
1087 1300 1278 1341 stramine
1301 1306 1468 1354 ponunt,

371 1361 533 1413 qualem
556 1361 740 1416 virgineo
764 1361 998 1401 demessum
1020 1360 1167 1414 pollice
1191 1360 1332 1401 florem

373 1435 445 1461 seu
469 1421 601 1462 mollis
625 1421 756 1462 violae
781 1435 854 1462 seu
876 1420 1108 1476 languentis
1132 1420 1352 1475 hyacinthi,

371 1482 436 1522 eui
459 1496 590 1536 neque
615 1482 751 1537 fulgor
774 1482 925 1531 adhuc,
950 1496 1026 1523 nec
1049 1482 1147 1523 dum
1172 1497 1247 1523 sua
1269 1482 1400 1524 forma
1422 1484 1608 1534 recessit3

370 1557 452 1584 non
475 1543 556 1584 iam
581 1549 709 1583 mater
731 1543 802 1584 alit
825 1543 944 1584 tellus
968 1543 1156 1596 viresque
1180 1543 1391 1584 ministrat.

371 1611 457 1645 turn
481 1605 665 1659 geminas
689 1610 824 1646 vestes
850 1618 1028 1657 auroque
1052 1611 1242 1657 ostroque
1265 1604 1442 1660 rigentes

371 1666 514 1707 extulit
536 1665 720 1715 Aeneas,
747 1679 849 1718 quas
873 1665 931 1705 illi
954 1665 1060 1706 laeta
1083 1665 1270 1706 laborum

370 1729 460 1782 ipsa
484 1727 568 1768 suis
593 1727 798 1779 quondam
822 1726 1010 1767 manibus
1038 1725 1208 1768 Sidonia
1230 1726 1343 1768 Dido

371 1789 524 1830 fecerat
548 1794 588 1829 et
611 1788 721 1828 tenui
746 1788 847 1829 telas
872 1788 1119 1829 discreverat
1143 1802 1253 1829 auro.

369 1851 515 1890 harum
538 1863 662 1889 unam
685 1849 824 1889 iuveni
849 1863 1084 1902 supremum
1107 1855 1288 1890 maestus
1313 1849 1508 1890 honorem

369 1910 517 1959 induit,
543 1923 786 1962 arsurasque
810 1923 948 1951 comas
973 1909 1143 1951 obnubit
1167 1911 1335 1959 amictu3

369 1970 575 2023 multaque
599 1975 809 2024 praeterea
831 1970 1052 2011 Laurentis
1077 1971 1258 2024 praemia
1278 1985 1442 2025 pugnae

369 2037 538 2086 aggerat
562 2036 602 2071 et
623 2030 746 2085 longo
770 2031 963 2084 praedam
986 2030 1099 2072 iubet
1123 2031 1261 2072 ordine
1285 2031 1391 2072 duci.

370 2091 482 2133 addit
505 2105 632 2145 equos
657 2097 697 2132 et
719 2091 818 2140 tela,
843 2091 992 2144 quibus
1019 2091 1263 2146 spoliaverat
1285 2091 1456 2133 hostem.

369 2152 553 2193 vinxerat
576 2157 617 2193 et
638 2157 733 2206 post
755 2158 870 2206 terga
892 2167 1057 2202 manus,
1082 2166 1185 2205 quos
1210 2152 1386 2193 mitteret
1414 2152 1568 2194 umbris

367 2213 553 2263 inferias,
578 2227 698 2255 caeso
723 2227 938 2268 sparsurus
964 2214 1163 2268 sanguine
1186 2213 1405 2263 flammam,

367 2274 612 2328 indutosque
635 2274 749 2316 iubet
772 2280 936 2316 truncos
962 2274 1177 2316 hostilibus
1202 2274 1324 2316 armis

368 2335 480 2389 ipsos
504 2334 610 2376 ferre
635 2335 779 2384 duces,
804 2335 1050 2388 inimicaque
1074 2335 1240 2377 nomina
1261 2335 1346 2390 figi.

367 2395 528 2437 ducitur
549 2395 692 2437 infelix
716 2410 818 2437 aevo
843 2395 1053 2437 confectus
1076 2395 1280 2446 Acoetes,

366 2461 531 2510 pectora
554 2470 661 2497 nunc
684 2455 855 2498 foedans
878 2457 1047 2512 pugnis,
1073 2471 1182 2498 nunc
1205 2456 1411 2512 unguibus
1435 2471 1522 2505 ora3

368 2517 558 2558 sternitur
580 2523 620 2558 et
643 2522 727 2558 toto
750 2517 954 2571 proiectus
979 2531 1146 2572 corpore
1170 2523 1311 2558 terrae.

367 2577 521 2618 ducunt
543 2584 584 2618 et
605 2577 760 2619 Rutulo
783 2577 972 2632 perfusos
998 2579 1199 2633 sanguine
1223 2592 1377 2619 currus.

367 2643 461 2691 post
482 2637 653 2680 bellator
675 2653 823 2692 equus,
847 2639 992 2693 positis
1016 2638 1266 2694 insignibus,
1290 2637 1469 2687 Aethon,

367 2696 399 2737 it
420 2697 654 2748 lacrimans,
679 2699 887 2753 guttisque
910 2699 1117 2740 humectat
1140 2698 1362 2754 grandibus
1387 2712 1468 2739 ora.
