1794 3048
302 530 367 559 410

300 832 364 862 415

300 1136 364 1165 420

299 1440 363 1470 425

298 1744 363 1774 430

298 2046 362 2077 435

299 2350 364 2381 440

300 2654 364 2684 445

393 286 476 329 224
792 297 834 332 P.
852 296 1082 333 VERGILII
1099 296 1323 335 MARONIS

387 379 430 390 l

389 396 572 450 protinus
597 396 691 437 hinc
713 396 841 438 fuscis
866 397 991 439 tristis
1016 398 1093 439 dea
1115 399 1267 440 tollitur
1289 400 1363 441 alis

390 457 555 497 audacis
579 456 721 497 Rutuli
744 457 797 498 ad
819 472 975 507 muros,
1000 472 1124 511 quam
1147 459 1293 500 dicitur
1315 460 1458 502 urbem

388 515 639 557 Acrisioneis
664 516 810 558 Danae
834 518 1029 560 fundasse
1053 519 1219 569 colonis,

388 576 598 631 praecipiti
621 577 755 619 delata
776 583 885 619 noto.
910 578 1023 620 locus
1047 578 1189 620 Ardea
1212 580 1418 634 quondam

389 637 521 678 dictus
546 637 652 687 avis;
678 644 718 679 et
740 653 848 680 nunc
871 654 1067 694 magnum
1090 646 1227 682 manet
1248 640 1390 683 Ardea
1412 657 1577 692 nomen3

389 698 462 738 sed
485 697 647 739 fortuna
669 698 758 739 fuit.
784 700 899 741 tectis
923 699 990 741 hic
1014 700 1177 742 Turnus
1202 701 1244 741 in
1267 702 1358 743 altis

387 758 469 798 iam
492 759 668 800 mediam
690 760 808 814 nigra
831 760 1022 815 carpebat
1045 768 1163 802 nocte
1188 762 1378 815 quietem.

387 818 550 861 Allecto
574 825 731 861 torvam
754 821 901 862 faciem
925 827 965 862 et
988 822 1150 863 furialia
1171 822 1354 864 membra

388 881 517 930 exuit3
542 881 583 921 in
607 882 740 923 voltus
766 896 856 923 sese
880 882 1141 924 transformat
1163 883 1290 924 aniles

388 947 428 982 et
451 940 625 983 frontem
649 942 870 984 obscenam
892 944 1006 999 rugis
1031 950 1136 994 arat3
1161 945 1291 985 induit
1314 944 1428 987 albos

388 1016 480 1042 cum
504 1003 605 1043 vitta
628 1003 767 1052 crinis,
793 1009 879 1044 tum
902 1019 1060 1045 ramum
1084 1005 1251 1046 innectit
1274 1006 1423 1056 olivae3

387 1062 432 1102 fit
457 1061 613 1117 Calybe
637 1063 803 1105 Iunonis
829 1079 931 1105 anus
956 1065 1173 1119 templique
1198 1067 1400 1116 sacerdos,

388 1129 428 1164 et
451 1123 588 1164 iuveni
611 1130 703 1164 ante
727 1124 866 1165 oculos
891 1124 954 1166 his
979 1139 1023 1165 se
1048 1139 1140 1166 cum
1163 1126 1332 1167 vocibus
1357 1126 1494 1168 offert:

390 1184 571 1234 „Turne,
596 1190 656 1226 tot
677 1185 883 1226 incassum
906 1185 1021 1227 fusos
1045 1186 1197 1240 patiere
1220 1186 1393 1237 labores,

388 1251 428 1286 et
451 1250 520 1286 tua
542 1245 763 1286 Dardaniis
788 1245 1001 1287 transcribi
1025 1253 1184 1300 sceptra
1207 1247 1385 1288 colonis?

386 1320 459 1346 rex
482 1305 556 1347 tibi
580 1306 813 1360 coniugium
837 1312 877 1347 et
900 1307 1104 1359 quaesitas
1130 1308 1328 1362 sanguine
1351 1308 1467 1350 dotes

387 1366 578 1421 abnegat,
604 1372 875 1419 externusque
898 1367 941 1407 in
963 1382 1136 1423 regnum
1160 1369 1364 1422 quaeritur
1385 1369 1517 1411 heres.

387 1428 401 1468 i
425 1441 550 1477 nunc,
575 1427 744 1482 ingratis
769 1427 872 1468 offer
894 1433 952 1477 te,
976 1428 1118 1479 inrise,
1143 1430 1302 1484 periclis
1311 1446 1323 1480 ;

388 1488 640 1543 Tyrrhenas,
666 1488 698 1538 i,
725 1494 857 1530 sterne
883 1490 1009 1539 acies,
1034 1495 1127 1546 tege
1150 1505 1251 1546 pace
1274 1491 1460 1533 Latinos.

387 1549 489 1591 haec
512 1550 614 1590 adeo
638 1549 711 1591 tibi
734 1565 817 1599 me,
842 1550 1003 1604 placida
1027 1566 1120 1592 cum
1143 1558 1261 1593 nocte
1284 1552 1449 1602 iaceres,

387 1610 477 1664 ipsa
499 1610 636 1664 palam
658 1610 736 1651 fari
760 1612 1016 1666 omnipotens
1043 1610 1235 1654 Saturnia
1257 1613 1387 1654 iussit.

388 1685 512 1723 quare
537 1686 613 1726 age
638 1677 678 1712 et
701 1672 848 1713 armari
871 1672 1022 1726 pubem
1044 1674 1253 1727 portisque
1276 1674 1429 1715 moveri

385 1730 515 1772 laetus
539 1731 582 1771 in
605 1747 717 1772 arma
739 1732 833 1773 iube
858 1738 898 1773 et
920 1732 1142 1788 Phrygios,
1168 1734 1238 1787 qui
1261 1734 1425 1775 flumine
1448 1734 1616 1789 pulchro

387 1792 624 1842 consedere,
650 1793 774 1834 duces
798 1793 1009 1847 pictasque
1033 1808 1157 1835 exure
1181 1794 1349 1835 carinas.

387 1851 608 1892 caelestum
632 1852 694 1893 vis
718 1868 868 1908 magna
890 1853 1013 1895 iubet.
1038 1869 1111 1895 rex
1133 1854 1221 1908 ipse
1244 1855 1433 1905 Latinus,

386 1912 428 1952 ni
452 1912 548 1952 dare
572 1912 806 1967 coniugium
830 1919 870 1953 et
893 1914 1000 1955 dicto
1022 1929 1164 1969 parere
1187 1915 1348 1965 fatetur,

388 1972 535 2013 sentiat
558 1978 598 2012 et
621 1973 785 2012 tandem
809 1973 994 2014 Turnum
1019 1975 1248 2028 experiatur
1270 1975 1312 2015 in
1335 1976 1498 2016 armis.“

441 2032 526 2073 Hic
547 2032 705 2073 iuvenis
729 2037 864 2073 vatem
887 2033 1066 2075 inridens
1092 2035 1150 2075 sic
1174 2049 1267 2076 orsa
1289 2035 1471 2076 vicissim

386 2107 455 2135 ore
477 2092 618 2134 refert:
646 2092 824 2143 „classes
848 2093 1029 2135 invectas
1054 2094 1274 2149 Thybridis
1298 2095 1450 2136 undam

385 2168 486 2203 non,
510 2160 556 2194 ut
577 2168 683 2202 rere,
708 2169 820 2195 meas
845 2154 990 2209 effugit
1010 2155 1176 2196 nuntius
1201 2170 1338 2205 aures;

385 2229 437 2256 ne
461 2221 594 2255 tantos
618 2215 717 2255 mihi
740 2215 849 2270 finge
872 2222 1018 2257 metus.
1041 2230 1118 2257 nec
1140 2216 1253 2272 regia
1274 2216 1379 2258 Iuno

386 2276 587 2317 inmemor
610 2281 672 2317 est
694 2277 840 2326 nostri3

388 2337 462 2378 sed
484 2343 524 2378 te
547 2337 656 2378 victa
679 2337 760 2378 situ
782 2337 947 2391 verique
971 2338 1093 2379 effeta
1116 2343 1316 2388 senectus,

387 2412 411 2439 o
435 2403 582 2447 mater,
607 2398 714 2439 curis
738 2398 986 2451 nequiquam
1009 2405 1169 2440 exercet
1192 2405 1232 2440 et
1255 2414 1367 2440 arma

385 2474 530 2515 regum
553 2460 657 2501 inter
679 2460 785 2501 falsa
807 2466 942 2501 vatem
964 2460 1179 2502 formidine
1202 2461 1315 2502 ludit.

387 2535 484 2562 cura
506 2521 598 2571 tibi,
622 2521 761 2563 divom
784 2521 942 2577 effigies
966 2527 1007 2564 et
1029 2522 1180 2577 templa
1202 2523 1304 2563 tueri
1311 2538 1322 2572 ;

387 2581 496 2623 bella
517 2582 594 2623 viri
616 2597 840 2637 pacemque
863 2590 1021 2638 gerent,
1047 2584 1137 2637 quis
1161 2583 1269 2625 bella
1290 2581 1506 2639 gerenda.“

444 2643 615 2685 Talibus
638 2643 801 2685 Allecto
825 2644 941 2686 dictis
967 2644 1117 2686 exarsit
1138 2644 1182 2685 in
1203 2644 1296 2685 iras.

388 2708 429 2744 at
451 2703 588 2744 iuveni
612 2704 741 2744 oranti
766 2703 923 2746 subitus
947 2711 1097 2746 tremor
1119 2709 1290 2758 occupat
1313 2709 1442 2756 artus3
