1800 3106
556 259 820 299 AENEIDOS
840 259 939 296 LIB.
958 259 1083 297 VIIII.
1421 248 1506 291 255

138 372 362 415 clamorem
385 367 599 424 excipiunt
623 365 744 416 socii,
770 365 1021 419 fremituque
1046 369 1277 418 sequuntur

137 434 372 484 horrison03
397 430 609 473 Teucrum
632 429 835 471 mirantur
856 427 1004 469 inertia
1028 426 1167 477 corda,

136 512 221 539 non
244 509 379 550 aequo
403 494 502 535 dare
527 507 572 534 se
597 506 765 548 campo,
790 505 875 533 non
899 489 1025 532 obvia
1048 489 1158 531 ferre
1536 502 1578 532 55
1621 522 1623 525 .

137 573 253 601 arma
276 557 408 607 m'ros,
435 555 511 598 sed
534 561 672 597 castra
695 553 851 596 fovere.
876 552 960 595 huo
983 551 1175 594 turbidus
1200 557 1324 606 atque
1349 551 1432 593 huc

137 621 286 663 lustrat
309 633 417 674 equo
440 632 602 668 muros,
628 616 869 671 aditumque
892 630 968 671 per
991 614 1086 656 avia
1109 614 1282 670 quaerit.

139 698 188 725 ae
212 681 340 724 veluti
363 680 487 737 pleno
510 680 635 735 lupus
659 679 880 720 insidiatus
905 677 1005 720 ovili

139 760 235 787 eum
258 744 399 786 fremit
421 743 477 785 ad
500 741 662 792 caulas,
686 747 835 783 ventos
858 755 1085 797 perpessus
1110 745 1153 782 et
1175 738 1344 790 imbres,

139 814 260 848 nocte
284 820 410 862 super
431 804 589 855 media3
614 803 692 845 tuti
716 802 795 845 sub
819 802 1022 844 matribus
1046 802 1146 858 agni
1540 816 1581 846 (30

140 868 324 911 balatum
348 872 542 909 exercent
549 882 562 918 3
586 865 655 907 ille
680 879 803 921 asper
826 871 867 906 et
890 863 1090 920 inprobus
1115 864 1177 906 ira

141 930 275 972 saevit
297 930 342 971 in
364 928 570 980 absentis;
595 927 770 970 collecta
794 927 944 983 fatigat
968 927 1118 969 edendi

140 1008 194 1035 ex
214 993 343 1049 longo
365 991 503 1034 rabies
529 997 570 1032 et
594 991 730 1033 siccae
756 991 961 1046 sanguine
985 989 1151 1032 fauces:

139 1055 254 1097 haud
276 1054 394 1096 aliter
415 1053 574 1096 Rutulo
598 1067 740 1094 muros
765 1060 807 1094 et
830 1059 968 1094 castra
991 1052 1124 1093 tuenti

139 1118 361 1174 ignescunt
384 1117 489 1167 irae,
515 1115 630 1158 duris
654 1114 773 1157 dolor
795 1114 962 1157 ossibus
987 1115 1116 1156 ardet.
1541 1128 1582 1157 (35)

141 1194 225 1235 qua
248 1185 422 1236 temptet
443 1179 602 1221 ratione
626 1177 764 1220 aditus
789 1183 831 1219 et
854 1191 962 1231 quae
986 1177 1054 1218 via
1079 1176 1244 1220 clausos

143 1242 324 1284 excutiat
347 1241 533 1284 Teucros
557 1239 668 1282 vallo
693 1246 817 1294 atque
841 1240 1030 1281 effundat
1052 1239 1097 1281 in
1121 1240 1327 1294 aequum?

143 1304 339 1354 classem,
365 1317 472 1358 quae
495 1302 615 1344 lateri
639 1308 872 1343 castrorum
895 1301 1092 1343 adiuncta
1114 1301 1284 1352 latebat,

144 1365 368 1422 aggeribus
394 1371 581 1419 saeptam
606 1363 761 1406 circum
786 1369 827 1404 et
849 1362 1087 1405 fluvialibus
1113 1363 1238 1405 undis

143 1428 319 1478 invadit,
346 1426 564 1480 sociosque
588 1425 780 1467 incendia
802 1425 938 1480 poscit
962 1432 1149 1476 ovantes,
1543 1439 1584 1469 70

144 1499 268 1545 atque
291 1504 462 1531 manum
485 1488 587 1544 pinu
611 1487 804 1543 flagranti
827 1487 1014 1529 fervidus
1038 1487 1182 1543 inplet.

145 1560 233 1594 tum
256 1567 355 1594 vero
378 1550 644 1602 incumbunt;
669 1556 821 1607 urguet
843 1550 1079 1606 praesentia
1104 1550 1249 1601 Turni,

144 1621 268 1669 atque
292 1614 427 1656 omnis
451 1613 614 1656 facibus
639 1612 773 1669 pubes
798 1613 1028 1669 accingitur
1052 1613 1164 1655 atris.

145 1677 350 1732 diripuere
374 1676 512 1727 focos3
537 1676 703 1732 piceum
727 1675 808 1717 fert
831 1675 992 1717 fumida
1014 1675 1157 1717 lumen

145 1740 267 1782 taeda
290 1745 331 1781 et
355 1739 622 1781 commixtam
646 1737 859 1780 Volcanus
884 1739 939 1780 ad
962 1745 1074 1780 astra
1097 1738 1296 1780 favillam.
1543 1752 1583 1782 75

202 1800 310 1855 Quis
335 1801 457 1852 deus,
483 1816 508 1843 o
530 1800 704 1851 Musae,
730 1807 816 1843 tam
841 1815 968 1843 saeva
990 1801 1182 1843 incendia
1207 1801 1382 1843 Teucris

146 1864 318 1907 avertit?
341 1871 477 1906 tantos
500 1864 659 1906 ratibus
685 1864 779 1918 quis
804 1864 964 1919 depulit
986 1864 1132 1920 ignes?

145 1927 280 1968 dicite.
304 1926 442 1983 prisca
465 1925 569 1968 fides
593 1926 724 1976 facto,
750 1926 826 1969 sed
849 1926 963 1968 fama
985 1926 1192 1982 perennis.

144 1996 327 2045 tempore
351 2004 434 2043 quo
457 1989 638 2045 primum
661 1988 850 2046 Phrygia
872 1988 1081 2031 formabat
1104 1989 1149 2030 in
1172 1988 1251 2030 Ida

142 2050 313 2094 Aeneas
339 2052 516 2094 classem
540 2057 582 2093 et
603 2051 745 2108 pelagi
767 2058 908 2107 petere
933 2051 1017 2094 alta
1039 2051 1227 2107 parabat,
1541 2063 1584 2093 80

143 2114 237 2170 ipsa
259 2114 384 2156 deum
407 2113 538 2156 fertur
561 2114 751 2170 genetrix
773 2113 1024 2169 Berecyntia
1047 2129 1249 2170 magnum

143 2174 318 2218 vocibus
342 2175 408 2217 his
433 2175 576 2217 adfata
598 2175 765 2217 Iovem:
792 2175 891 2227 „da,
916 2181 1032 2225 nate,
1057 2176 1226 2230 petenti,

145 2237 257 2291 quod
281 2245 353 2278 tua
376 2251 472 2278 cara
493 2250 644 2291 parens
669 2236 827 2278 domito
851 2244 892 2278 te
914 2236 1052 2291 poscit
1076 2234 1276 2291 Olympo.

144 2298 268 2354 pinea
292 2297 397 2339 silva
420 2297 540 2347 mihi,
565 2297 718 2339 multos
743 2297 894 2339 dilecta
915 2312 992 2353 per
1015 2312 1166 2348 annos;

144 2360 264 2402 lucus
287 2360 332 2401 in
355 2374 448 2401 arce
472 2359 552 2401 fuit
576 2374 759 2410 summa,
784 2374 868 2414 quo
892 2374 1011 2401 saera
1033 2359 1235 2409 ferebant,
1542 2372 1584 2402 85

145 2422 326 2479 nigranti
349 2422 468 2477 picea
491 2420 762 2476 trabibusque
786 2421 989 2463 obscurus
1014 2421 1194 2462 acernis:

145 2484 222 2526 has
247 2498 327 2541 ego
351 2483 567 2526 Dardanio
591 2483 750 2532 iuveni,
776 2497 872 2524 cum
896 2482 1043 2525 classis
1069 2488 1223 2539 egeret,

145 2546 254 2588 laeta
278 2546 393 2597 dedi;
417 2561 529 2588 nunc
554 2545 772 2587 sollicitam
797 2545 920 2587 timor
943 2545 1091 2587 anxius
1116 2545 1245 2600 angit.

147 2607 262 2650 solve
284 2614 422 2651 metus
446 2614 570 2662 atque
594 2607 674 2649 hoc
695 2607 890 2663 precibus
916 2607 1005 2649 sine
1027 2621 1154 2663 posse
1177 2613 1404 2663 parentem,

146 2683 229 2712 neu
252 2685 377 2712 cursu
400 2677 622 2725 quassatae
645 2669 731 2711 ullo
754 2684 838 2711 neu
861 2668 1025 2711 turbine
1048 2669 1162 2711 venti
1539 2681 1582 2711 90

148 2731 382 2783 vincantur3
406 2732 539 2788 prosit
562 2731 714 2774 nostris
738 2731 782 2773 in
805 2731 1016 2774 montibus
1041 2734 1192 2774 ortas.“
