1780 3074
562 251 820 288 AENEIDOS
844 251 943 288 LIB.
957 253 1042 289 VH.

116 355 332 412 deriguere
356 354 483 397 oculi:
509 360 570 397 tot
592 354 748 410 Erinys
773 354 911 397 sibilat
933 355 1090 412 hydris,

116 424 312 472 tantaque
337 432 382 460 se
406 417 536 460 facies
561 417 693 473 aperit
700 434 712 468 ;
737 423 826 459 tum
849 417 1043 461 flammea
1065 424 1260 473 torquens

115 478 273 521 lumina
296 485 560 521 cunctantem
584 486 624 521 et
648 486 915 534 quaerentem
939 480 1075 522 dicere
1097 480 1218 536 plura

116 541 296 597 reppulit
321 547 362 583 et
385 541 575 597 geminos
600 541 731 583 erexit
755 541 938 584 crinibus
963 542 1125 599 angnia,

116 603 370 658 verberaque
394 603 596 654 insonuit,
620 602 850 658 rabidoque
873 603 978 646 haec
1001 604 1159 646 addidit
1183 619 1272 646 ore:

118 679 198 716 „en
221 679 300 721 ego
323 665 433 706 victa
458 665 559 715 situ,
585 680 711 719 quam
734 665 823 706 veri
847 665 972 708 effeta
996 672 1187 708 senectus

117 741 232 768 arma
254 726 361 768 inter
382 741 530 783 regum
553 726 661 768 falsa
683 726 904 769 formidine
926 727 1032 769 ludit
1039 744 1051 779 3

116 787 276 844 respice
300 788 355 830 ad
376 787 499 829 haec:
525 788 674 829 adsum
698 788 879 830 dirarum
904 788 957 831 ab
983 789 1082 831 sede
1107 804 1293 831 sororum
1302 807 1313 841 ;

116 848 226 891 bella
248 864 374 890 manu
397 849 608 903 letumque
632 852 773 920 gero.“

118 910 179 953 sic
202 910 328 952 effata
351 910 524 952 facem
511 911 653 952 iuveni
677 911 853 953 coniecit
876 918 918 954 et
940 919 1030 955 atro

115 972 271 1014 lumine
294 971 494 1014 fumantis
518 971 610 1014 fixit
634 972 712 1015 sub
735 979 903 1028 pectore
927 974 1084 1016 taedas.

116 1033 217 1075 illi
204 1048 354 1090 mgens
380 1048 573 1076 somnum
595 1034 749 1090 rumpit
772 1050 921 1090 pavor,
947 1050 1126 1091 ossaque
1151 1042 1192 1078 et
1215 1043 1328 1078 artus

114 1094 326 1150 perfundit
350 1101 436 1137 toto
459 1102 683 1151 proruptus
709 1111 879 1152 corpore
905 1098 1044 1140 sudor.

120 1171 231 1198 alma
254 1171 397 1199 amens
422 1157 579 1208 fremit,
606 1173 721 1199 arma
743 1164 833 1200 toro
857 1159 1061 1214 tectisque
1083 1160 1274 1214 requ1r1t3

118 1217 250 1259 saevit
272 1234 389 1260 amor
411 1219 511 1261 ferri
534 1225 575 1261 et
599 1219 833 1262 scelerata
822 1221 985 1263 insania
1007 1221 1118 1272 belli,

116 1279 179 1321 ira
203 1293 346 1335 super,
372 1296 525 1336 magno
549 1281 679 1323 veluti
701 1296 797 1323 011111
820 1282 990 1325 flamma
1013 1298 1161 1329 sonore

117 1341 261 1397 virgea
285 1343 523 1398 suggeritur
546 1343 671 1385 costis
690 1343 892 1386 undantis
917 1346 1023 1396 aeni,

118 1402 408 1457 exsultantque
433 1410 552 1445 aestu
574 1403 738 1455 latices;
762 1405 864 1447 furit
886 1406 998 1448 intus
1024 1408 1147 1462 aquai

118 1463 303 1506 fumidus
328 1471 452 1519 atque
477 1465 558 1507 alte
584 1466 742 1521 spumis
767 1466 967 1509 exuberat
990 1468 1144 1519 amnis3

117 1540 196 1568 nec
218 1526 302 1568 iam
327 1541 371 1569 se
396 1527 507 1582 capit
529 1528 660 1578 unda,
685 1527 798 1570 volat
820 1543 951 1584 vapor
974 1535 1062 1571 ater
1085 1530 1139 1571 ad
1162 1545 1297 1572 auras.

119 1602 218 1644 ergo
242 1588 320 1630 iter
343 1589 397 1630 ad
419 1604 563 1645 regem
585 1589 744 1645 polluta
766 1604 869 1645 pace
892 1591 1095 1632 Latinum

118 1649 263 1691 indicit
285 1650 430 1705 primis
455 1651 653 1692 iuvenum
678 1657 719 1693 et
741 1652 857 1693 iubet
881 1668 996 1694 arma
1018 1653 1166 1709 parari,

119 1711 244 1753 tutari
265 1712 449 1762 Italiam,
476 1713 694 1755 detrudere
717 1713 870 1756 finibus
895 1714 1078 1766 hostem3

121 1787 166 1814 se
191 1773 291 1814 satis
317 1773 521 1817 ambobus
547 1774 804 1830 Teucrisque
828 1776 969 1818 venire
992 1776 1253 1831 Latinisque.

119 1833 223 1876 haec
247 1834 319 1876 ubi
343 1835 454 1877 dicta
477 1836 590 1877 dedit
614 1837 816 1891 divosque
839 1837 884 1879 in
906 1844 1004 1880 vota
1026 1839 1203 1889 vocavit,

120 1896 306 1938 certatim
331 1912 423 1939 sese
446 1897 593 1940 Rutuli
617 1899 884 1941 exhortantur
906 1900 951 1942 in
974 1916 1101 1942 arma.

119 1957 231 1999 hunc
254 1958 380 2000 decus
406 1959 621 2016 egregium
644 1960 802 2003 formae
826 1968 967 2004 movet
990 1968 1115 2017 atque
1140 1962 1348 2012 iuventae,

119 2019 229 2062 hunc
253 2021 365 2062 atavi
386 2036 527 2078 reges,
552 2022 664 2065 hunc
688 2023 809 2066 claris
834 2024 1005 2066 dextera
1028 2025 1163 2066 sactis.

174 2081 293 2124 Dum
317 2083 485 2126 Turnus
508 2083 689 2127 Rutulos
714 2086 862 2128 animis
888 2086 1117 2129 audacibus
1142 2087 1285 2142 inplet,

119 2142 285 2186 Allecto
309 2144 352 2186 in
376 2145 562 2187 Teucros
589 2145 750 2203 Stygiis
775 2162 820 2189 se
845 2149 1025 2190 concitat
1048 2148 1124 2190 alis

121 2211 207 2247 arte
236 2221 345 2247 nova
370 2207 582 2262 speculata
604 2208 760 2259 locum,
786 2224 868 2263 quo
891 2210 1012 2252 litore
1035 2210 1209 2265 pulcher

120 2267 281 2309 insidiis
306 2283 513 2322 cursuque
536 2269 648 2311 feras
673 2270 858 2326 agitabat
880 2272 1012 2313 Iulus.

120 2328 190 2370 hic
214 2328 395 2371 subitam
419 2330 592 2372 canibus
615 2330 775 2373 rabiem
800 2331 978 2388 Cocytia
999 2333 1118 2388 virgo

122 2389 249 2432 obicit
272 2396 314 2432 et
335 2396 434 2433 noto
456 2391 568 2433 naris
593 2392 794 2448 contingit
817 2394 957 2444 odore,

122 2458 168 2493 ut
191 2466 360 2494 cervum
384 2452 574 2494 ardentes
599 2459 788 2507 agerent3
813 2468 919 2507 quae
942 2455 1076 2509 prima
1098 2454 1287 2496 laborum

123 2527 274 2555 caussa
296 2513 376 2555 fuit
398 2513 590 2568 belloque
615 2514 775 2556 animos
799 2515 989 2557 accendit
1013 2516 1201 2572 agrestis.

123 2588 269 2616 cervus
294 2581 382 2616 erat
404 2575 539 2616 forma
562 2575 790 2630 praestanti
814 2582 855 2617 et
878 2576 1072 2618 cornibus
1095 2577 1258 2632 ingens,

124 2634 354 2690 Tyrrhidae
376 2637 494 2691 pueri
518 2651 643 2691 quem
666 2636 808 2679 matris
833 2636 886 2679 ab
910 2637 1037 2679 ubere
1060 2645 1225 2693 raptum

123 2695 336 2739 nutribant
358 2697 629 2754 Tyrrhusque
651 2704 787 2753 pater,
813 2699 879 2740 0111
903 2699 1019 2755 regia
1039 2708 1185 2754 parent

197 2767 349 2807 Vergilius.
1203 2772 1221 2807 1
1229 2771 1252 2806 5

1397 245 1482 287 225

1508 557 1574 587 450

1510 864 1577 895 455

1512 1174 1578 1205 460

1512 1483 1579 1514 465

1514 1791 1581 1821 470

1514 2101 1580 2131 475

1512 2405 1579 2436 480

1510 2712 1575 2743 485
