1794 3048
345 290 424 332 108
740 297 783 332 Ρ.
801 295 1031 333 VERGILII
1047 293 1271 332 MARONIS

340 400 408 441 hic
430 399 572 454 regina
594 411 761 453 gravem
784 395 957 451 gemmis
982 409 1161 449 auroque
1184 397 1371 451 poposcit

340 459 587 514 inplevitque
609 471 720 498 mero
743 461 943 510 pateram,
968 469 1091 509 quam
1115 455 1242 498 Belus
1266 462 1307 498 et
1329 471 1468 499 omnes

256 534 317 564 730
342 536 366 561 a
388 519 491 560 Belo
516 518 642 567 soliti3
666 522 754 557 tum
776 516 887 557 sacta
910 515 1068 557 silentia
1091 516 1226 558 tectis:

343 578 568 634 „Iuppiter,
592 576 821 631 hospitibus
845 591 940 617 nam
963 582 1003 617 te
1026 576 1123 617 dare
1145 576 1234 618 iura
1255 576 1486 630 loquuntur,

340 640 448 680 hunc
469 638 622 679 laetum
646 636 863 692 Tyriisque
886 637 995 678 diem
1018 636 1222 690 Troiaque
1245 637 1438 692 profectis

340 713 431 741 esse
453 698 574 748 velis,
598 703 841 757 nostrosque
863 696 985 738 huius
1008 697 1242 739 meminisse
1265 697 1453 739 minores.

335 758 447 801 'adsit
467 758 645 800 laetitiae
668 757 859 799 Bacchus
884 758 1018 807 dator,
1044 763 1084 799 et
1106 757 1214 799 bona
1236 757 1341 799 Iuno
1348 773 1360 808 3

255 833 315 864 735
340 826 380 862 et
402 834 494 870 vos,
520 833 563 870 o,
589 825 768 869 coetum,
794 818 927 873 Tyrii,
953 817 1154 859 celebrate
1176 817 1402 859 faventes.“

339 881 442 923 dixit
464 886 506 922 et
526 881 569 922 in
593 895 777 921 mensam
799 879 966 921 laticum
987 879 1131 921 libavit
1152 879 1360 928 honorem,

338 942 569 997 primaque,
594 941 737 991 libato,
764 955 924 982 summo
947 945 1065 982 tenus
1090 940 1223 995 attigit
1247 954 1315 981 ore
1323 955 1334 989 ;

339 1009 428 1044 tum
449 1002 584 1044 Bitiae
608 1002 719 1043 dedit
741 1002 1005 1056 increpitans3
1029 1001 1096 1042 ille
1119 1001 1279 1055 inpiger
1300 1000 1435 1041 hausit

341 1069 598 1118 spumantem
621 1068 803 1117 pateram
827 1068 867 1103 et
888 1062 1010 1116 pleno
1035 1075 1079 1103 se
1101 1061 1252 1116 proluit
1275 1075 1374 1102 auro
1381 1077 1393 1110 ;

256 1138 318 1168 740
340 1130 435 1179 post
458 1123 526 1165 alii
548 1137 750 1179 proceres.
775 1123 930 1164 cithara
953 1122 1120 1163 crinitus
1144 1121 1268 1176 Iopas

341 1189 533 1240 personat
556 1190 715 1234 aurata,
741 1184 878 1225 docuit
902 1197 1024 1237 quem
1047 1182 1249 1224 maximus
1272 1180 1406 1223 Atlas.

341 1245 408 1286 hic
431 1245 540 1286 canit
562 1250 762 1286 errantem
784 1244 925 1285 lunam
949 1243 1127 1297 solisque
1150 1242 1329 1292 labores3

342 1306 450 1347 unde
472 1305 683 1347 hominum
706 1319 836 1361 genus
861 1310 902 1345 et
922 1304 1102 1359 pecudes
1110 1319 1121 1354 3
1145 1303 1254 1344 unde
1276 1302 1407 1344 imber
1430 1308 1469 1343 et
1492 1302 1628 1357 ignes;

342 1368 566 1408 Arcturum
587 1365 830 1420 pluviasque
854 1365 1027 1420 Hyadas
1051 1364 1317 1419 geminosque
1341 1363 1531 1412 Triones3

258 1441 319 1471 745
343 1426 442 1481 quid
469 1432 626 1467 tantum
652 1424 821 1468 Oceano
843 1430 1060 1480 properent
1083 1438 1128 1466 se
1151 1425 1335 1480 tinguere
1359 1423 1465 1465 soles

343 1487 518 1537 hiberni,
543 1486 609 1528 vel
633 1501 738 1540 quae
762 1486 888 1528 tardis
911 1500 1025 1527 mora
1048 1484 1236 1527 noctibus
1261 1484 1407 1526 obstet.

343 1548 594 1603 ingeminant
615 1548 765 1603 plausu
788 1547 921 1602 Tyrii,
947 1547 1158 1601 Troesque
1182 1551 1418 1599 sequuntur.

343 1624 420 1651 nec
441 1624 525 1651 non
547 1615 588 1650 et
609 1610 722 1651 vario
745 1615 908 1651 noctem
931 1623 1117 1651 sermone
1140 1607 1328 1649 trahebat

343 1670 488 1711 infelix
509 1670 641 1721 Dido,
670 1670 921 1726 longumque
943 1669 1111 1712 bibebat
1133 1683 1325 1718 amorem,

260 1744 321 1774 750
345 1731 474 1772 multa
497 1745 620 1786 super
641 1730 807 1773 Priamo
830 1731 1031 1787 rogitans,
1057 1744 1179 1784 super
1200 1729 1380 1770 Hectore
1403 1728 1548 1778 multa3

343 1806 470 1842 nunc,
495 1792 644 1846 quibus
667 1790 855 1833 Aurorae
877 1791 1059 1834 venisset
1081 1791 1189 1832 filius
1213 1789 1349 1839 armis,

344 1866 470 1902 nuno,
495 1852 636 1906 quales
659 1851 876 1894 Diomedis
901 1852 1013 1906 equi,
1037 1865 1164 1901 nunc,
1189 1856 1365 1904 quantus
1388 1849 1586 1891 Achilles.

348 1911 497 1963 „immo
521 1926 616 1967 age,
642 1918 682 1953 et
705 1927 730 1953 a
751 1913 900 1967 prima,
925 1913 1009 1962 dic,
1033 1911 1205 1966 hospes,
1229 1910 1386 1966 origine
1407 1909 1526 1951 nobis

346 1972 561 2022 insidias,“
585 1972 734 2025 inquit,
762 1972 979 2023 „Danaum
987 2003 998 2022 ,
1024 1985 1224 2024 casusque
1247 1976 1421 2020 tuorum,

261 2047 322 2076 755
347 2046 583 2086 erroresque
606 2038 718 2083 tuos3
741 2048 838 2073 nam
861 2038 900 2073 te
923 2032 1005 2073 iam
1029 2032 1202 2086 septima
1223 2037 1357 2086 portat

347 2093 536 2136 omnibus
560 2099 761 2135 errantem
784 2093 900 2135 terris
924 2098 966 2134 et
987 2091 1177 2134 fluctibus
1201 2094 1374 2133 aestas.“
