1780 3074
563 278 863 316 GEORGICON
882 279 980 316 LIB.
999 280 1050 315 II.
1427 271 1484 313 53

120 385 304 428 caeditur
328 390 369 427 et
392 390 552 426 veteres
577 384 720 425 ineunt
743 381 989 439 proscaenia
1011 382 1112 437 ludi,

119 447 383 504 praemiaque
406 446 584 503 ingeniis
607 460 740 502 pagos
765 451 807 487 et
830 446 1010 502 compita
1033 446 1188 488 circum

120 508 328 551 Thesidae
351 523 527 564 posuere
552 514 676 562 atque
699 507 806 549 inter
827 508 979 563 pocula
1000 508 1098 550 laeti

119 570 313 614 mollibus
341 571 387 612 in
408 570 537 626 pratis
561 575 709 612 unctos
734 569 895 612 saluere
917 585 993 626 per
1015 576 1142 613 utres.

118 649 196 677 nec
218 649 304 675 non
325 632 525 683 Ausonii,
552 631 680 674 Troia
702 646 806 688 gens
830 632 977 684 missa,
1003 633 1138 675 coloni
1511 646 1576 677 385

119 697 308 739 versibus
332 696 552 751 incomptis
576 694 724 737 ludunt
747 694 916 749 risuque
941 694 1090 746 soluto,

118 774 272 814 oraque
296 758 518 802 corticibus
544 763 714 800 sumunt
736 757 942 799 horrenda
965 758 1136 809 cavatis,

119 829 160 864 et
184 828 242 873 te,
268 821 453 871 Bacche,
478 826 630 862 vocant
650 833 727 875 per
749 819 932 861 carmina
955 819 1065 862 laeta
1088 821 1246 876 tibique

118 884 262 926 oscilla
285 899 338 925 ex
360 883 444 925 alta
468 882 727 937 suspendunt
750 881 891 924 mollia
912 882 1027 938 pinu.

117 947 214 988 hinc
238 946 372 988 omnis
396 945 513 1001 largo
536 943 729 1000 pubescit
751 943 874 986 vinea
897 943 998 996 fetu,
1512 960 1577 990 300

118 1008 360 1064 conplentur
382 1007 596 1062 vallesque
620 1016 747 1049 cavae
772 1006 986 1062 saltusque
1008 1007 1206 1063 profundi

118 1078 159 1112 et
182 1085 428 1125 quocunque
452 1070 555 1112 deus
580 1069 737 1111 circum
760 1074 886 1125 caput
909 1070 996 1126 egit
1018 1069 1251 1112 honestum.

118 1147 217 1190 ergo
240 1133 316 1175 rite
342 1148 463 1175 suum
487 1132 657 1174 Baccho
681 1131 867 1174 dicemus
891 1131 1092 1174 honorem

119 1194 369 1238 carminibus
394 1194 537 1251 patriis
561 1194 786 1249 lancesque
810 1199 852 1236 et
873 1193 960 1236 liba
983 1194 1178 1245 feremus,

118 1263 160 1299 et
183 1258 331 1299 duetus
357 1272 485 1299 cornu
509 1256 636 1299 stabit
658 1271 775 1299 sacer
796 1256 938 1299 hircus
963 1257 1018 1299 ad
1041 1272 1169 1308 aram,
1511 1270 1573 1301 395

118 1319 371 1376 pinguiaque
394 1320 438 1361 in
459 1319 627 1362 veribus
651 1318 899 1361 torrebimus
924 1325 1022 1361 exta
1045 1319 1237 1362 columis.

175 1381 257 1424 Est
281 1382 405 1423 etiam
428 1381 497 1423 ille
519 1381 636 1424 labor
659 1382 852 1440 curandis
877 1382 1031 1424 vitibus
1056 1382 1171 1433 alter,

120 1444 185 1485 cui
209 1458 436 1498 numquam
456 1443 646 1486 exhausti
665 1444 765 1486 satis
790 1452 871 1486 est:
896 1459 1076 1499 namque
1101 1459 1222 1486 omne
1247 1451 1348 1499 quot
1366 1446 1485 1486 annis

121 1515 264 1560 terque
288 1513 516 1561 quaterque
542 1506 677 1548 solum
701 1506 992 1557 scindendum,
1018 1506 1250 1563 glaebaque
1274 1507 1405 1549 versis

119 1575 332 1610 aeternum
356 1568 585 1625 frangenda
607 1568 864 1620 bidentibus3
889 1583 1012 1611 omne
1035 1569 1258 1611 levandum
1511 1584 1577 1613 400

120 1631 264 1673 fronde
288 1645 448 1672 nemus.
474 1631 580 1673 redit
604 1630 796 1687 agricolis
819 1630 939 1673 labor
961 1636 1079 1673 actus
1103 1631 1148 1672 in
1171 1631 1314 1673 orbern

120 1700 244 1748 atque
268 1694 312 1735 in
337 1709 381 1736 se
407 1709 484 1736 sua
505 1709 581 1750 per
604 1694 783 1750 vestigia
804 1694 986 1737 volvitur
1009 1710 1154 1736 annus.

120 1771 170 1798 ac
192 1756 276 1797 iam
300 1756 416 1806 olim,
443 1771 557 1798 seras
581 1756 721 1812 posuit
745 1770 842 1798 cum
863 1757 986 1798 vinea
1009 1757 1178 1799 frondes

120 1817 296 1874 frigidus
322 1824 362 1859 et
386 1818 501 1860 silvis
526 1818 664 1873 aquilo
689 1818 874 1860 decussit
895 1818 1108 1869 honorem,

119 1881 203 1922 iam
227 1886 315 1921 tum
339 1895 434 1922 acer
457 1895 576 1922 curas
601 1881 836 1922 venientem
859 1881 1054 1922 extendet
1076 1881 1119 1922 in
1143 1896 1297 1922 annum
1333 1877 1337 1880 ’
1511 1895 1577 1925 405

120 1942 298 1984 rusticus
323 1948 364 1983 et
387 1957 514 1984 curvo
540 1940 711 1984 Saturni
735 1942 858 1984 dente
879 1942 1064 1985 relictam

119 2004 380 2060 persequitur
402 2004 529 2046 vitem
553 2004 782 2046 adtondens
806 2004 1007 2061 fingitque
1030 2006 1227 2061 putando.

122 2067 278 2122 primus
302 2066 477 2108 humum
501 2067 649 2118 fodito,
674 2067 831 2123 primus
856 2067 1030 2109 devecta
1053 2074 1234 2110 cremato

123 2133 330 2170 sarmenta
353 2134 394 2170 et
416 2129 548 2171 vallos
571 2129 730 2185 primus
756 2129 834 2172 sub
859 2135 969 2172 tecta
989 2129 1162 2181 refert03

121 2196 359 2246 postremus
378 2191 534 2234 metito.
559 2191 625 2234 bis
649 2191 803 2234 vitibus
826 2192 982 2249 ingruit
1005 2192 1165 2243 umbra,
1513 2205 1577 2237 410

122 2252 187 2294 bis
213 2258 397 2309 segetem
421 2253 561 2295 densis
586 2253 800 2296 obducunt
823 2254 1009 2296 sentibus
1033 2254 1198 2297 herbae.

124 2315 251 2356 durus
275 2320 448 2369 uterque
471 2315 588 2357 labor
595 2332 607 2367 3
631 2316 798 2359 laudato
821 2316 1006 2373 ingentia
1028 2332 1137 2367 rura,

124 2376 322 2432 exiguum
346 2376 481 2418 colito.
506 2392 584 2418 nec
606 2392 690 2419 non
714 2378 839 2419 etiam
863 2393 1011 2434 aspera
1033 2379 1143 2420 rusci

123 2438 279 2480 vimina
301 2453 375 2494 per
398 2438 546 2480 silvam
570 2445 611 2480 et
633 2439 733 2494 ripis
757 2439 935 2482 fluvialis
960 2441 1117 2481 arundo

125 2500 325 2551 caeditur,
350 2500 575 2556 incultique
599 2506 764 2542 exercet
786 2515 885 2543 cura
909 2501 1053 2543 salicti.
1512 2516 1572 2547 415

124 2564 207 2605 iam
230 2563 393 2605 vinctae
416 2563 541 2614 vites,
566 2563 650 2605 iam
675 2563 825 2605 falcem
848 2563 1018 2605 arbusta
1040 2576 1257 2619 reponunt,

124 2625 208 2666 iam
231 2625 341 2667 canit
364 2624 533 2667 effectos
559 2631 767 2667 extremus
791 2625 942 2667 vinitor
964 2631 1100 2668 antes:

127 2687 384 2730 sollicitanda
406 2694 544 2730 tamen
569 2687 689 2730 tellus
713 2687 934 2743 pulvisque
957 2688 1200 2739 movendus,

127 2755 168 2790 et
190 2749 273 2791 iam
296 2750 467 2792 maturis
492 2750 737 2792 metuendus
762 2749 949 2805 Iuppiter
971 2750 1076 2793 uvis.
