1800 3106
610 303 868 342 AENEIDOS
886 303 985 339 LIB.
1005 303 1072 339 XI.

159 410 279 453 turba
302 410 475 460 ducum,
501 408 561 451 sic
583 408 786 464 incipiens
809 408 996 451 hortatur
1019 408 1202 451 ovantist

160 471 368 524 „maxima
390 485 457 513 res
483 470 650 521 effecta,
674 470 771 522 viri3
796 470 919 512 timor
942 470 1077 512 omnis
1101 469 1260 521 abesto,

157 534 270 589 quod
294 539 502 589 superest3
526 532 630 575 haec
653 539 750 575 sunt
774 532 907 588 spolia
930 539 972 574 et
995 532 1047 574 de
1069 547 1170 588 rege
1195 531 1376 589 superbo

155 595 379 651 primitiae,
403 594 680 650 manibusque
703 595 807 637 meis
831 593 1069 637 Mezentius
1092 594 1161 636 hic
1185 601 1261 637 est.

156 672 268 700 nunc
290 657 369 700 iter
391 657 446 699 ad
468 671 612 713 regem
633 656 755 699 nobis
779 671 1007 711 murosque
1029 656 1221 699 Latinos.

157 734 272 762 arma
293 726 436 775 parate
459 719 608 761 animis
633 725 676 761 et
699 733 773 775 spe
796 718 1051 775 praesumite
1074 718 1244 769 bellum,

157 796 210 824 ne
232 796 317 836 qua
339 796 456 823 mora
478 781 666 838 ignaros,
691 781 764 823 ubi
786 781 968 836 primum
991 781 1143 823 vellere
1167 782 1290 839 signa

157 843 375 886 adnuerint
398 843 538 898 superi
558 842 796 899 pubemque
820 843 996 885 educere
1020 843 1182 894 eastris,

156 905 357 961 inpediat,
383 905 578 961 segnisve
601 912 716 948 metu
740 905 945 947 sententia
967 906 1114 948 tardet.

156 967 313 1009 interea
336 967 471 1009 socios
494 967 792 1022 inhumataque
816 982 990 1023 corpora
1012 974 1145 1010 terrae

156 1028 420 1079 mandemus,
445 1028 518 1083 qui
541 1028 655 1071 solus
679 1029 813 1072 honos
837 1029 1078 1072 Acheronte
1102 1030 1181 1073 sub
1204 1032 1291 1073 imo
1316 1039 1392 1074 est.

155 1090 231 1140 ite,
256 1089 387 1146 agite,
417 1091 608 1147 egregias
632 1091 812 1142 animas,
838 1106 946 1145 quae
970 1092 1174 1148 sanguine
1198 1093 1319 1135 nobis

155 1151 263 1194 hanc
285 1152 462 1207 patriam
483 1167 682 1209 peperere
706 1168 803 1204 suo,
828 1153 1020 1196 decorate
1044 1155 1250 1210 supremis

157 1213 415 1264 muneribus,
440 1221 725 1270 maestamque
747 1215 938 1258 Euandri
959 1216 1120 1272 primus
1145 1217 1199 1259 ad
1221 1217 1368 1260 urbem

157 1275 344 1318 mittatur
365 1275 526 1327 Pallas,
551 1291 677 1332 quem
699 1293 784 1320 non
806 1278 970 1320 virtutis
994 1284 1188 1335 egentem

159 1337 329 1380 abstulit
351 1345 440 1380 atra
462 1339 552 1381 dies
576 1346 618 1381 et
640 1339 786 1382 funere
809 1341 954 1383 mersit
976 1340 1167 1383 acerbo.“
1259 1381 1261 1383 ,

218 1397 292 1442 Sic
315 1400 372 1442 ait
394 1397 658 1444 inlacrimans
682 1402 909 1457 recipitque
933 1403 988 1444 ad
1010 1403 1154 1445 limina
1177 1419 1383 1460 gressum,

160 1476 310 1517 corpus
334 1461 408 1504 ubi
431 1463 612 1505 exanimi
633 1464 816 1519 positum
839 1463 1043 1506 Pallantis
1066 1463 1250 1507 Acoetes

162 1522 357 1566 servabat
380 1524 536 1575 senior,
562 1525 634 1580 qui
656 1524 882 1568 Parrhasio
904 1525 1106 1568 Euandro

160 1585 339 1642 armiger
361 1592 456 1629 ante
480 1587 577 1637 fuit,
604 1588 680 1630 sed
702 1603 786 1630 non
809 1587 1002 1631 felicibus
1026 1603 1160 1643 aeque

161 1654 250 1689 tum
275 1663 415 1691 comes
439 1649 636 1705 auspiciis
662 1664 758 1692 caro
782 1650 904 1692 datus
927 1649 1015 1693 ibat
1039 1651 1220 1693 alumno.

160 1711 316 1752 circum
339 1711 474 1754 omnis
498 1711 784 1767 famulumque
807 1728 957 1755 manus
983 1713 1247 1768 Troianaque
1271 1713 1391 1756 turba

161 1779 204 1814 et
225 1780 432 1824 maestum
454 1773 610 1816 Iliades
634 1774 790 1816 crinem
814 1774 866 1816 de
890 1789 1005 1817 more
1029 1775 1202 1818 solutae.

160 1840 207 1875 ut
230 1849 330 1876 vero
353 1833 523 1877 Aeneas
548 1835 709 1879 foribus
733 1851 826 1879 sese
850 1836 989 1878 intulit
1011 1837 1119 1887 altis,

159 1896 372 1952 ingentem
394 1897 599 1952 gemitum
620 1897 754 1940 tunsis
779 1898 834 1940 ad
858 1898 994 1941 sidera
1017 1898 1167 1940 tollunt

159 1957 419 2013 pectoribus,
445 1965 688 2014 maestoque
711 1959 890 2016 inmugit
911 1960 1028 2017 regia
1050 1960 1178 2003 luctu.

159 2019 268 2075 ipsc,
294 2026 420 2076 caput
441 2021 552 2063 nivei
575 2022 728 2064 fultum
749 2022 953 2065 Pallantis
978 2030 1020 2065 et
1043 2038 1116 2065 ora

159 2088 206 2123 ut
227 2081 332 2123 vidit
353 2082 519 2137 levique
540 2090 688 2140 patens
711 2084 756 2126 in
777 2091 946 2140 pectore
969 2085 1118 2127 volnus

159 2143 343 2199 cuspidis
366 2143 602 2196 Ausoniae,
626 2146 809 2190 lacrimis
832 2147 892 2189 ita
914 2146 1027 2189 fatur
1050 2147 1228 2190 obortis:

161 2207 330 2256 „tene,“
355 2205 491 2260 inquit
515 2208 773 2259 „miserande
796 2223 919 2264 puer,
945 2223 1042 2250 cum
1065 2208 1175 2251 laeta
1197 2209 1368 2259 veniret,

158 2266 308 2308 invidit
330 2267 498 2310 fortuna
519 2269 640 2319 mihi,
664 2284 717 2311 ne
740 2284 871 2326 regna
894 2270 1057 2311 videres

160 2334 320 2378 nostra,
344 2343 480 2382 neque
503 2330 558 2371 ad
582 2331 703 2372 sedes
727 2331 859 2373 victor
881 2330 1078 2373 veherere
1100 2332 1320 2386 paternas?

160 2403 245 2430 non
266 2388 371 2431 haec
393 2389 594 2432 Euandro
618 2391 671 2433 de
697 2397 736 2434 te
763 2392 972 2447 promissa
993 2393 1156 2447 parenti

161 2450 380 2493 discedens
405 2451 619 2502 dederam,
644 2466 740 2494 cum
763 2467 830 2495 me
854 2453 1083 2509 conplexus
1107 2460 1276 2496 euntem

160 2511 341 2554 mitteret
362 2513 407 2554 in
429 2528 629 2569 magnum
650 2514 889 2570 imperium,
914 2520 1188 2570 metuensque
1211 2523 1395 2558 moneret

161 2573 268 2615 acris
294 2588 387 2616 esse
410 2575 541 2625 viros,
566 2590 663 2617 cum
686 2576 792 2618 dura
812 2576 972 2631 proelia
993 2582 1131 2632 gente.

162 2641 205 2677 et
226 2650 338 2678 nunc
360 2635 430 2678 ille
453 2637 623 2691 quidem
647 2652 722 2693 spe
744 2637 922 2680 multum
946 2644 1093 2694 captus
1115 2638 1230 2680 inani

163 2696 250 2739 fors
273 2704 315 2740 et
338 2704 436 2740 vota
458 2699 577 2750 facit,
603 2699 869 2754 cumulatque
893 2699 1038 2742 altaria
1060 2700 1200 2751 donis3

162 2773 239 2801 nos
262 2759 454 2802 iuvenem
479 2760 717 2803 exanimum
740 2767 782 2803 et
803 2761 862 2802 nil
884 2761 968 2803 iam
992 2761 1239 2805 caelestibus
1261 2761 1356 2806 ullis

1437 295 1521 338 299

1549 549 1589 579 15

1551 859 1593 889 20

1554 1480 1596 1509 30

1553 1788 1595 1819 35

1552 2100 1596 2129 4¹)

1554 2407 1596 2436 45

1552 2715 1594 2746 50
