1780 3074
596 266 857 306 AENEIDOS
875 265 974 303 LIB.
992 266 1059 304 VI.
1272 260 1279 262 ’
1425 255 1511 298 203

142 377 214 419 vix
237 375 341 418 adeo
365 373 565 432 adgnovit
586 372 843 429 pavitantem
866 385 916 413 ac
939 371 1030 412 dira
1053 375 1262 427 tegentem

144 438 365 495 supplicia,
390 443 432 479 et
454 435 562 479 notis
588 435 794 491 conpellat
816 433 990 476 vocibus
1014 432 1140 475 ultro:

146 499 394 557 „Deiphobe
418 499 688 554 armipotens,
714 511 848 554 genus
873 495 957 538 alto
981 511 1007 538 a
1031 494 1234 552 sanguine
1259 493 1424 544 Teucri,
1538 505 1605 537 500

143 563 237 619 quis
261 569 347 605 tam
371 561 549 604 crudelis
573 559 732 616 optavit
756 573 920 601 sumere
943 558 1127 614 poenas?

144 626 212 668 cui
234 631 396 668 tantum
419 625 471 667 de
495 630 536 666 te
558 623 700 666 licuit?
722 622 826 664 mihi
847 622 962 664 fama
985 636 1180 678 suprema

143 694 264 731 nocte
288 687 382 729 tulit
404 686 566 729 fessum
589 692 710 727 vasta
733 693 774 727 te
798 684 926 727 caede
949 683 1180 740 Pelasgum

142 749 414 807 procubuisse
440 763 565 804 super
587 747 787 790 confusae
812 746 964 803 stragis
989 760 1199 789 acervum.

144 819 243 854 tunc
266 817 431 868 egomet
454 809 660 852 tumulum
683 809 873 851 Rhoeteo
896 809 1015 851 litore
1038 808 1208 850 inanem
1542 820 1607 851 505

144 873 339 917 constitui
362 878 404 915 et
426 887 580 929 magna
602 871 737 914 manis
762 877 825 913 ter
847 885 952 913 voce
974 871 1137 913 vocavi.

143 950 296 979 nomen
319 941 360 977 et
382 949 498 977 arma
520 934 659 976 locum
683 938 869 984 servant3
893 939 955 984 te,
980 933 1131 984 amice,
1157 932 1329 988 nequivi

144 997 382 1054 conspicere
407 1003 448 1039 et
469 997 604 1053 patria
627 996 833 1038 decedens
857 1011 1012 1051 ponere
1037 998 1186 1038 terra.“

144 1060 198 1103 ad
221 1074 329 1115 quae
352 1059 605 1101 Priamides:
633 1058 762 1111 „nihil
785 1073 811 1100 o
835 1058 930 1109 tibi,
956 1058 1109 1109 amice,
1134 1057 1346 1108 relictum;

145 1123 283 1165 omnia
305 1121 529 1178 Deiphobo
554 1121 715 1164 solvisti
739 1126 781 1162 et
803 1120 963 1163 funeris
987 1119 1160 1163 umbris.
1543 1132 1609 1163 510

147 1185 221 1227 sed
243 1199 311 1226 me
335 1184 422 1226 fata
444 1199 539 1226 mea
563 1190 604 1226 et
628 1183 764 1226 scelus
790 1183 956 1226 exitiale
978 1184 1203 1225 Lacaenae

145 1247 212 1289 his
236 1261 418 1289 mersere
441 1246 582 1298 malis3
606 1246 677 1288 illa
700 1246 804 1288 haec
828 1252 1098 1288 monumenta
1120 1245 1298 1300 reliquit.

145 1323 326 1363 namque
350 1314 396 1349 ut
420 1323 656 1363 supremam
681 1307 788 1349 falsa
810 1308 918 1350 inter
939 1308 1095 1364 gaudia
1117 1314 1283 1352 noctem

148 1370 374 1428 egerimus,
399 1370 529 1420 nosti3
554 1376 596 1412 et
618 1370 792 1411 nimium
816 1370 1056 1412 meminisse
1079 1385 1252 1413 necesse
1276 1377 1351 1412 est.

150 1448 244 1476 cum
267 1432 407 1474 fatalis
431 1446 564 1486 equus
590 1431 699 1474 saltu
723 1446 849 1487 super
871 1432 1002 1474 ardua
1024 1432 1138 1474 venit
1545 1446 1610 1475 515

148 1495 357 1551 Pergama
381 1500 422 1537 et
445 1501 650 1536 armatum
674 1495 857 1550 peditem
880 1495 1021 1551 gravis
1047 1494 1182 1537 attulit
1206 1494 1313 1545 alvo,

150 1557 220 1599 illa
243 1557 415 1599 chorum
439 1556 638 1599 simulans
664 1556 855 1599 euhantis
880 1556 998 1613 orgia
1022 1557 1178 1599 circum

150 1618 328 1661 ducebat
352 1618 560 1675 Phrygias
568 1635 580 1670 ;
605 1618 818 1660 flammam
841 1619 980 1661 media
1002 1619 1096 1675 ipsa
1119 1618 1287 1661 tenebat

151 1682 364 1739 ingentem
387 1687 429 1723 et
453 1696 616 1723 summa
638 1681 814 1723 Danaos
838 1696 892 1723 ex
915 1696 1010 1724 arce
1033 1681 1222 1723 vocabat.

152 1751 241 1785 tum
264 1758 332 1785 me
356 1743 591 1786 confectum
615 1743 724 1785 curis
750 1758 980 1799 somnoque
1003 1750 1224 1801 gravatum
1548 1756 1613 1786 520

153 1805 298 1847 infelix
321 1804 466 1847 habuit
488 1804 715 1856 thalamus,
740 1806 975 1861 pressitque
998 1806 1203 1848 iacentem

154 1866 286 1909 dulcis
311 1873 352 1909 et
375 1866 459 1909 alta
482 1867 600 1922 quies
623 1866 895 1923 placidaeque
920 1868 1130 1910 simillima
1153 1868 1287 1910 morti.

154 1929 323 1986 egregia
345 1929 503 1972 interea
525 1929 708 1972 coniunx
730 1945 846 1973 arma
869 1931 1009 1973 omnia
1033 1931 1152 1973 tectis

154 1998 319 2034 amovet
342 1998 384 2034 et
406 1991 537 2034 fidum
561 1993 686 2048 capiti
710 1992 966 2036 subduxerat
990 2008 1152 2045 ensem3

154 2054 262 2096 intra
285 2060 395 2096 tecta
416 2060 539 2097 vocat
561 2054 804 2098 Menelaum
827 2062 869 2098 et
891 2056 1035 2098 limina
1058 2056 1215 2112 pandit,
1551 2068 1615 2098 525

157 2116 314 2159 scilicet
336 2116 381 2158 id
404 2132 605 2173 magnum
630 2133 801 2174 sperans
826 2118 915 2161 fore
939 2134 1092 2161 munus
1117 2119 1274 2160 amanti

157 2185 199 2221 et
220 2177 378 2220 famam
400 2179 611 2235 exstingui
633 2186 822 2222 veterum
846 2181 907 2223 sic
929 2196 1055 2237 posse
1078 2181 1295 2222 malorum.

159 2239 261 2294 quid
282 2239 444 2281 moror?
465 2240 707 2296 inrumpunt
730 2242 932 2293 thalamo;
957 2257 1098 2285 comes
1123 2242 1288 2284 additur
1311 2257 1395 2282 una

159 2301 344 2343 hortator
367 2301 569 2343 scelerum
591 2302 805 2345 Aeolides.
831 2304 892 2354 di,
919 2304 1017 2346 talia
1042 2302 1167 2346 Grais

161 2365 405 2414 instaurate,
429 2364 499 2419 pio
524 2365 560 2406 si
582 2379 738 2420 poenas
762 2380 833 2407 ore
855 2381 1042 2421 reposco.
1551 2376 1617 2407 530

163 2425 238 2468 sed
260 2432 301 2468 te
325 2425 397 2480 qui
419 2426 563 2468 vivum
587 2441 728 2477 casus,
754 2441 832 2483 age
857 2427 946 2469 fare
969 2427 1168 2478 vicissim,

163 2487 385 2530 attulerint.
409 2487 603 2544 pelagine
627 2489 745 2531 venis
770 2489 976 2531 erroribus
1001 2496 1118 2531 actus

163 2565 218 2592 an
240 2550 401 2592 monitu
423 2550 589 2593 divom?
611 2566 666 2592 an
689 2565 796 2605 quae
820 2558 860 2593 te
884 2551 1052 2594 fortuna
1074 2551 1235 2608 fatigat,

164 2618 211 2654 ut
234 2612 360 2655 tristis
386 2612 474 2655 sine
498 2613 585 2655 sole
609 2613 774 2664 domos,
799 2613 892 2656 loca
914 2613 1097 2664 turbida,
1123 2613 1314 2656 adires?“

165 2674 244 2716 hac
266 2674 357 2717 vice
381 2690 619 2718 sermonum
641 2675 772 2718 roseis
797 2691 946 2718 aurora
968 2676 1180 2732 quadrigis
1551 2688 1618 2719 535

166 2736 250 2778 iam
272 2737 455 2780 medium
479 2738 661 2781 aetherio
685 2753 810 2780 cursu
833 2739 1047 2782 traiecerat
1070 2753 1204 2789 axem,
