1820 3080
315 265 396 307 328
713 272 755 305 P.
775 269 1005 306 VERGILH
1022 267 1247 304 MARONIS

314 374 579 426 tabentesque
601 385 732 427 genae
756 376 797 411 et
819 369 997 411 iuvenali
1018 369 1062 410 in
1085 384 1252 423 corpore
1275 369 1415 424 pallor.

314 449 436 488 quem
460 433 581 475 simul
605 446 652 472 ac
675 431 848 472 Iuturna
873 445 986 472 soror
1010 430 1265 472 crebrescere
1288 431 1390 472 vidit

314 508 540 536 sermonem
564 498 604 532 et
627 491 739 546 volgi
760 490 916 532 variare
939 490 1120 532 labantia
1143 491 1278 541 corda,

311 556 354 596 in
376 554 531 595 medias
556 553 683 602 acies,
708 552 882 593 formam
906 551 1149 593 adsimulata
1174 551 1372 602 Camerti,
1397 577 1452 583 —-

224 630 288 660 225
313 616 379 657 cui
401 629 532 670 genus
557 629 582 655 a
603 613 767 668 proavis
792 613 937 668 ingens
962 612 1196 667 clarumque
1219 619 1412 668 paternae

311 690 461 717 nomen
485 680 570 715 erat
592 674 772 724 virtutis,
799 680 839 715 et
861 674 949 729 ipse
973 674 1193 716 acerrimus
1218 675 1341 716 armis
1365 700 1419 705 --

311 738 354 778 in
376 736 531 777 medias
556 735 626 776 dat
650 750 740 776 sese
764 735 891 785 acies,
915 735 1027 776 haud
1049 736 1187 777 nescia
1209 751 1357 786 rerum,

311 811 576 850 rumoresque
602 796 700 838 serit
723 796 858 837 varios
883 810 931 837 ac
954 796 1051 838 talia
1073 796 1199 838 fatur:

314 873 422 910 „non
443 858 588 913 pudet,
614 872 638 899 o
662 857 823 906 Rutuli,
847 872 922 912 pro
946 858 1102 899 cunctis
1127 858 1276 900 talibus
1301 874 1425 900 unam

223 932 287 963 230
312 919 514 961 obiectare
538 918 740 959 animam?
762 933 982 960 numerone
1007 934 1060 959 an
1082 918 1236 960 viribus
1261 919 1382 973 aequi

311 995 392 1021 non
418 979 584 1020 sumus?
608 993 677 1029 en,
703 994 844 1021 omnes
870 986 910 1020 et
934 979 1062 1021 Troes
1087 985 1127 1021 et
1150 978 1336 1022 Arcades
1360 981 1403 1021 hi
1427 987 1533 1030 sunt,

311 1040 529 1094 fatalisque
553 1055 717 1090 manus,
742 1040 903 1081 infensa
924 1039 1092 1081 Etruria
1116 1040 1268 1082 Turno.

311 1102 382 1142 vix
404 1101 564 1142 hostem
588 1101 748 1151 alterni,
775 1101 810 1142 si
833 1101 1159 1156 congrediamur,
1184 1101 1395 1143 habemus.

311 1163 380 1204 ille
403 1162 567 1216 quidem
591 1163 645 1203 ad
668 1177 855 1216 superos,
880 1177 1053 1216 quorum
1076 1177 1120 1205 se
1145 1163 1319 1205 devovet
1342 1164 1434 1212 aris,

227 1237 290 1267 235
317 1223 508 1265 succedet
531 1223 659 1272 sama,
684 1223 885 1277 vivusque
908 1238 982 1278 per
1005 1238 1077 1265 ora
1099 1224 1271 1274 feretur3

314 1299 389 1326 nos
412 1284 544 1339 patria
567 1284 718 1325 amissa
741 1284 915 1325 dominis
939 1299 1081 1339 parere
1106 1285 1293 1339 superbis

316 1359 527 1399 cogemur,
553 1345 624 1397 qui
646 1359 754 1386 nunc
776 1345 876 1386 lenti
898 1346 1157 1387 consedimus
1183 1347 1330 1387 arvis.“

316 1405 465 1446 talibus
490 1405 657 1446 incensa
682 1411 744 1445 est
766 1405 960 1447 iuvenum
985 1407 1186 1459 sententia
1209 1407 1327 1449 dictis

314 1467 397 1507 iam
421 1466 553 1522 magis
578 1472 698 1519 atque
722 1466 874 1520 magis,
901 1468 1106 1522 serpitque
1128 1483 1202 1523 per
1225 1469 1388 1525 agmina
1410 1484 1610 1520 murmur3

228 1541 293 1572 240
316 1527 396 1582 ipsi
418 1527 649 1568 Laurentes
674 1527 819 1567 mutati
841 1527 1001 1581 ipsique
1023 1529 1177 1571 Latini.

315 1590 387 1643 qui
411 1589 489 1631 sibi
511 1589 593 1630 iam
615 1589 797 1642 requiem
820 1603 983 1644 pugnae
1005 1591 1210 1645 rebusque
1234 1591 1407 1633 salutem

318 1650 553 1706 sperabant,
578 1664 688 1690 nunc
711 1664 825 1690 arma
849 1650 990 1691 volunt
1012 1651 1239 1706 foedusque
1262 1659 1479 1708 precantur

316 1711 514 1753 infectum
539 1717 579 1752 et
603 1711 733 1752 Turni
757 1717 908 1752 sortem
931 1711 1174 1754 miserantur
1196 1714 1389 1768 iniquam.

317 1773 380 1814 his
406 1772 516 1813 aliud
538 1772 670 1813 maius
695 1772 867 1813 Iuturna
889 1772 1074 1828 adiungit
1098 1779 1138 1814 et
1160 1774 1241 1816 alto

230 1847 295 1878 245
319 1834 389 1875 dat
413 1834 576 1889 signum
599 1833 730 1882 caelo,
756 1847 837 1886 quo
861 1848 943 1874 non
964 1835 1218 1888 praesentius
1242 1836 1370 1877 ullum

319 1894 498 1935 turbavit
521 1900 678 1934 mentes
702 1893 828 1935 Italas
853 1900 1116 1947 monstroque
1139 1895 1295 1936 fefellit.

319 1969 495 2008 namque
519 1954 661 1995 volans
685 1954 809 1995 rubra
831 1954 969 1996 fulvus
992 1954 1104 1996 Iovis
1129 1955 1213 1996 ales
1237 1956 1280 1996 in
1302 1957 1442 1997 aethra

319 2016 482 2056 litoreas
507 2014 688 2070 agitabat
711 2029 806 2056 aves
832 2014 1073 2068 turbamque
1098 2021 1310 2057 sonantem

322 2076 495 2132 agminis
522 2076 681 2130 aligeri,
708 2075 842 2117 subito
867 2090 960 2117 cum
982 2075 1122 2131 lapsus
1147 2077 1201 2117 ad
1223 2077 1353 2118 undas

233 2151 298 2181 250
322 2151 498 2192 cycnum
521 2137 785 2178 excellentem
809 2137 982 2191 pedibus
1005 2137 1111 2192 rapit
1132 2137 1328 2192 inprobus
1352 2139 1480 2179 uncis.

322 2212 507 2239 arrexere
531 2197 687 2239 animos
712 2197 824 2247 Itali,
850 2204 1100 2251 cunctaeque
1123 2199 1310 2240 volucres

323 2264 563 2300 convertunt
586 2259 760 2300 clamore
785 2259 946 2315 fugam,
971 2259 1155 2301 mirabile
1178 2260 1282 2310 visu,

322 2319 567 2374 aetheraque
591 2319 811 2361 obscurant
833 2320 997 2375 pennis,
1022 2320 1262 2375 hostemque
1285 2336 1358 2376 per
1381 2336 1500 2363 auras

322 2380 432 2422 facta
454 2380 562 2422 nube
586 2387 793 2436 premunt,
818 2382 948 2424 donec
971 2382 1013 2423 vi
1037 2382 1168 2424 victus
1193 2389 1234 2424 et
1255 2382 1345 2438 ipso

235 2456 299 2485 255
323 2442 502 2496 pondere
527 2442 693 2491 defecit,
718 2443 992 2497 praedamque
1017 2458 1068 2485 ex
1090 2443 1297 2499 unguibus
1322 2443 1406 2485 ales

324 2503 493 2557 proiecit
515 2503 657 2553 fluvio,
681 2504 925 2558 penitusque
948 2505 991 2546 in
1013 2505 1154 2546 nubila
1176 2505 1294 2561 fugit.

324 2570 411 2604 tum
435 2579 531 2605 vero
555 2564 772 2619 augurium
794 2565 939 2606 Rutuli
961 2565 1137 2608 clamore
1161 2566 1349 2616 salutant,

326 2625 625 2679 expediuntque
648 2641 812 2675 manus,
837 2627 1074 2681 primusque
1098 2627 1340 2669 Tolumnius
1363 2635 1503 2681 augur,

329 2685 432 2736 „hoc
456 2691 559 2736 erat,
583 2686 680 2736 hoc,
706 2687 837 2729 votis“
864 2689 994 2742 inquit
1019 2689 1155 2742 „quod
1179 2703 1300 2743 saepe
1322 2687 1459 2743 petivi.
