1820 3080
431 306 513 347 260
829 313 871 346 P.
895 311 1122 347 vERfflLn
1138 298 1364 347 MAROle

429 416 631 471 pectora.“
657 438 710 444 —
735 413 794 454 sic
817 426 1046 453 memorans
1070 411 1261 452 humeros
1286 411 1529 466 dextrasque
1554 413 1717 455 tenebat

430 476 641 518 amborum
666 480 706 515 et
728 473 885 514 voltum
907 473 1084 514 lacrimis
1109 478 1231 526 atque
1255 487 1326 513 ora
1348 472 1519 527 rigabat.
1545 499 1599 504 —

341 550 406 580 ‘250
433 550 561 590 „quae
585 535 721 584 vobis,
747 548 851 587 quae
875 534 1018 588 digna,
1043 533 1137 582 viri,
1162 548 1236 587 pro
1258 533 1447 574 laudibus
1471 533 1560 575 istis

427 596 607 652 praemia
630 609 752 650 posse
775 609 866 636 rear
890 594 1018 636 solvi?
1041 593 1312 649 pulcherrima
1335 594 1511 649 primum

428 659 469 699 di
492 671 705 710 moresque
730 655 885 697 dabunt
908 655 1050 705 vestri;
1076 661 1162 696 tum
1187 662 1320 696 cetera
1342 656 1484 696 reddet

428 724 609 759 actutum
631 718 724 773 pius
748 716 915 758 Aeneas
940 723 1061 770 atque
1085 717 1243 772 integer
1267 716 1357 757 aevi

426 779 652 828 Ascanius,
677 778 809 819 meriti
832 777 934 818 tanti
956 793 1039 819 non
1060 777 1259 818 inmemor
1282 780 1514 830 umquam.“

340 854 404 884 ‘255
430 835 580 892 „immo
604 854 682 895 ego
706 853 799 888 vos,
825 838 890 879 cui
914 838 1002 879 sola
1026 837 1135 880 salus
1159 838 1342 893 genitore
1365 838 1571 888 reducto‚“

429 901 579 955 excipit
600 899 827 949 Ascanius,
854 913 952 954 „per
974 913 1165 954 magnos,
1190 899 1307 948 Nise,
1332 898 1510 941 Penates

428 961 706 1014 Assaracique
730 961 883 1002 Larem
908 966 948 1001 ct
971 974 1096 1001 canae
1120 960 1342 1014 penetralia
1364 959 1518 1001 Vestae

429 1022 626 1064 obtestor:
651 1035 930 1075 quaecumque
954 1021 1054 1062 mihi
1077 1020 1239 1062 fortuna
1262 1021 1445 1074 fidesque
1469 1028 1544 1071 est,

428 1083 471 1124 in
493 1083 639 1124 vestris
663 1097 771 1137 pono
795 1082 979 1137 gremiis:
1003 1088 1192 1123 revocate
1215 1088 1438 1136 parentem,

341 1159 405 1189 260
428 1144 584 1186 reddite
607 1149 887 1198 conspectum3
912 1143 1012 1184 nihil
1035 1143 1104 1184 illo
1134 1143 1247 1184 triste
1270 1149 1445 1198 recepto.

429 1205 526 1247 bina
549 1203 655 1245 dabo
679 1210 847 1259 argento
870 1204 1051 1258 perfecta
1075 1209 1195 1257 atque
1220 1218 1365 1258 aspera
1389 1205 1518 1259 signis

429 1265 595 1321 pocula,
621 1265 780 1306 devicta
803 1265 964 1319 genitor
986 1279 1091 1318 quae
1115 1265 1223 1319 cepit
1245 1264 1412 1314 Arisba,

430 1334 470 1368 et
494 1326 671 1381 tripodas
691 1326 901 1381 geminos,
927 1326 1015 1367 auri
1038 1326 1120 1367 duo
1144 1341 1295 1380 magna
1318 1326 1480 1375 talenta,

432 1393 587 1429 cratera
610 1387 839 1439 antiquum,
865 1401 988 1439 quem
1011 1387 1080 1427 dat
1106 1385 1277 1428 Sidonia
1299 1386 1425 1428 Dido.

343 1462 406 1492 265
432 1448 466 1489 si
489 1462 585 1489 vero
610 1462 753 1501 capere
777 1447 939 1488 Italiam
963 1447 1215 1502 sceptrisque
1239 1447 1360 1502 potiri

432 1507 645 1563 contigerit
668 1507 811 1549 victori
836 1514 875 1549 et
898 1508 1074 1563 praedae
1098 1508 1232 1549 dicere
1257 1514 1425 1550 sortem:

430 1569 569 1611 vidisti
592 1583 672 1622 quo
697 1569 863 1611 Turnus
887 1583 1010 1623 equo,
1035 1569 1184 1622 quibus
1208 1569 1294 1610 ibat
1315 1569 1359 1610 in
1381 1569 1503 1611 armis

432 1645 599 1680 aureus3
623 1630 760 1684 ipsum
782 1630 916 1680 illum,
941 1630 1118 1685 clipeum
1142 1630 1366 1684 cristasque
1388 1630 1580 1672 rubentes

434 1691 635 1746 excipiam
659 1691 775 1741 sorti,
801 1691 882 1732 iam
906 1706 1014 1733 nunc
1038 1698 1108 1733 tua
1130 1692 1329 1747 praemia,
1353 1692 1465 1733 Nise.

345 1766 410 1796 270
432 1760 642 1808 praeterea
666 1752 729 1793 bis
754 1766 827 1793 sex
849 1753 1009 1808 genitor
1030 1753 1252 1795 lectissima
1275 1759 1451 1794 matrum

433 1828 602 1868 corpora
625 1813 889 1868 captivosque
913 1814 1044 1864 dabit,
1070 1829 1224 1867 suaque
1249 1815 1438 1856 omnibus
1463 1830 1593 1864 arma;

431 1874 599 1928 insuper
620 1873 685 1915 his
709 1874 860 1928 campi,
886 1889 989 1927 quos
1012 1889 1086 1916 rex
1108 1874 1232 1916 habet
1254 1875 1342 1929 ipsc
1366 1875 1555 1917 Latinus.

433 1942 473 1976 te
497 1949 612 1984 vero,
638 1949 730 1975 mea
752 1948 875 1988 quem
899 1935 1040 1989 spatiis
1063 1935 1319 1990 propioribus
1344 1942 1455 1977 aetas

433 1995 678 2048 insequitur,
702 1995 930 2036 venerande
952 2010 1072 2050 puer,
1096 1996 1178 2036 iam
1200 2002 1363 2050 pectore
1387 2002 1473 2037 toto

344 2070 410 2101 275
434 2056 589 2111 accipio
614 2061 655 2096 et
677 2055 867 2097 comitem
890 2070 1008 2097 casus
1033 2056 1266 2111 conplector
1287 2057 1330 2097 in
1353 2057 1497 2098 omnis.

433 2116 544 2158 nulla
567 2116 668 2158 meis
693 2116 780 2158 sine
805 2122 844 2157 te
867 2123 1083 2170 quaeretur
1104 2117 1235 2172 gloria
1257 2116 1399 2167 rebus;

437 2192 510 2219 seu
534 2192 678 2232 pacem
702 2192 775 2218 seu
797 2177 906 2219 bella
927 2192 1087 2233 geram,
1112 2178 1186 2219 tibi
1209 2178 1388 2219 maxima
1410 2193 1545 2219 rerum

435 2238 733 2292 verborumque
756 2238 898 2280 fides.“
925 2244 1064 2280 contra
1086 2253 1209 2293 quem
1233 2239 1329 2280 talia
1351 2239 1460 2280 fatur

378 2326 381 2328 -
435 2299 661 2354 Euryalus:
687 2314 778 2351 „me
801 2300 913 2342 nulla
936 2300 1023 2342 dies
1047 2306 1131 2342 tam
1155 2300 1327 2342 fortibus
1352 2300 1463 2342 ausis

347 2373 412 2404 280
438 2361 679 2402 dissimilem
703 2361 901 2417 arguerit3
925 2367 1082 2403 tantum
1105 2362 1268 2403 fortuna
1292 2362 1470 2403 secunda

435 2423 547 2464 haud
570 2423 742 2464 adversa
766 2423 896 2465 cadat.
923 2424 995 2465 sed
1018 2429 1058 2464 te
1084 2438 1207 2479 super
1229 2423 1365 2465 omnia
1387 2423 1493 2464 dona

435 2498 562 2525 unum
586 2498 675 2525 oro:
699 2485 886 2540 genetrix
908 2485 1063 2526 Priami
1085 2485 1136 2526 de
1160 2491 1281 2540 gente
1303 2491 1464 2525 vetusta

437 2552 499 2586 est
522 2545 639 2595 mihi,
665 2560 790 2599 quam
812 2546 1003 2588 miseram
1028 2546 1156 2587 tenuit
1179 2561 1261 2587 non
1283 2545 1361 2586 Ilia
1383 2544 1503 2585 tellus

436 2620 598 2647 mecum
621 2607 905 2657 excedentem,
929 2622 1011 2649 non
1034 2607 1194 2648 moenia
1216 2606 1325 2662 regis
1348 2603 1540 2647 Acestae.

349 2677 413 2708 285
436 2666 542 2708 hanc
566 2682 644 2722 ego
667 2682 776 2709 nunc
798 2668 983 2723 ignaram
1006 2668 1127 2710 huius
1152 2668 1437 2721 quodcumque
1459 2665 1599 2720 pericli
1623 2672 1684 2705 est

436 2727 559 2780 inque
584 2728 800 2770 salutatam
823 2729 979 2783 linquo;
1004 2744 1086 2771 nox
1109 2735 1150 2770 et
1172 2735 1242 2770 tua
1264 2728 1378 2769 testis
