1800 3106
574 276 834 316 AENEIDOS
853 276 952 313 LIB.
972 276 1061 311 XII.
1419 265 1500 307 331

134 387 332 430 fumantis
359 385 509 428 sudore
533 384 685 440 quatit,
711 381 947 425 miserabile
972 380 1105 423 caesis

134 450 323 493 hostibus
348 448 572 498 insultans;
598 447 757 503 spargit
779 445 925 501 rapida
948 443 1105 501 ungula
1127 457 1242 485 rores

135 512 405 583 sanguineos,
431 511 644 564 mixtaque
668 523 789 551 cruor
813 507 996 550 calcatur
1019 521 1156 548 arena.
1530 515 1597 547 340

134 576 299 629 iamque
312 573 404 616 neci
418 572 748 626 Sthenelumque
760 570 875 612 dedit
889 568 1218 624 Thamyrimque
1225 565 1504 621 Pholumque,

134 638 245 679 hunc
269 651 521 692 congressus
546 640 588 676 et
610 633 740 684 1111110,
765 632 883 675 11111111
907 631 1089 682 eminus,
1115 630 1278 672 eminus
1303 628 1427 671 ambo

137 699 394 748 [nbrasidas‚
421 696 630 740 Glaucum
654 702 778 751 atque
801 694 972 744 Laden,
997 708 1102 748 quos
1126 691 1365 735 Inbrasus
1353 705 1444 746 lpse

136 761 333 804 nutrierat
355 760 510 816 Lycia,
536 759 789 815 paribusque
815 763 1035 800 ornaverat
1058 756 1198 806 armis,

136 824 201 866 vel
226 823 414 866 conferre
436 837 607 864 manum
631 821 699 863 vel
723 835 829 875 equo
853 825 1115 875 praevertere
1139 823 1299 860 ventos.
1533 829 1597 859 345

134 896 250 942 parte
274 886 355 928 alia
377 886 515 927 media
538 884 752 927 Eumedes
776 883 822 926 in
843 882 1003 939 proelia
1024 881 1168 932 fertur,

135 948 293 1003 antiqui
317 948 456 1004 proles
480 947 591 990 bello
613 946 827 1003 praeclara
850 944 1044 995 Dolonis,

135 1012 299 1053 nomine
324 1026 450 1053 avum
471 1011 675 1061 referens,
701 1010 839 1052 animo
863 1008 1140 1062 manibusque
1163 1012 1392 1063 parentem,

134 1073 206 1128 qui
229 1072 459 1128 quondam,
485 1080 622 1114 castra
645 1078 693 1113 ut
715 1071 915 1113 Danaum
940 1070 1178 1127 speculator
1201 1069 1346 1119 adiret,

135 1151 262 1178 ausus
286 1135 459 1178 Pelidae
482 1135 661 1191 pretium
686 1133 766 1177 sibi
789 1148 963 1190 poscere
987 1147 1153 1183 currus;
1346 1181 1354 1186 α
1534 1141 1600 1172 350

135 1198 252 1239 illum
276 1197 462 1253 Tydides
487 1197 568 1239 alio
592 1212 667 1253 pro
691 1196 844 1239 talibus
870 1195 983 1238 ausis

137 1259 290 1301 adfecit
312 1259 463 1315 pretio,
488 1274 567 1301 neo
591 1259 709 1313 equis
734 1258 919 1314 adspirat
942 1257 1136 1299 Achillis.

137 1321 248 1363 hunc
271 1321 415 1376 procul
438 1327 485 1362 ut
509 1336 656 1376 campo
681 1321 850 1362 Turnus
874 1319 1090 1376 prospexit
1113 1324 1268 1375 aperto,

139 1391 234 1426 ante
256 1384 340 1426 levi
363 1383 499 1425 iaculo
522 1383 695 1440 longum
719 1398 793 1438 per
815 1383 939 1425 inane
965 1388 1147 1432 secutus,

140 1446 248 1489 sistit
272 1461 400 1501 equos
425 1446 579 1503 biiugis
604 1452 646 1487 et
669 1460 793 1487 curru
816 1444 972 1494 desilit,
998 1450 1122 1498 atque
1535 1454 1600 1484 355

140 1508 371 1551 semianimi
394 1508 595 1564 lapsoque
621 1507 858 1564 supervenit
883 1513 924 1548 et
946 1506 1053 1562 pede
1078 1505 1186 1547 collo

139 1572 328 1627 inpresso
353 1571 522 1613 dextrae
546 1585 787 1612 mucronem
811 1574 1029 1624 extorquet
1053 1574 1095 1610 et
1118 1567 1201 1609 alto

140 1634 369 1690 fulgentem
394 1633 546 1690 tinguit
568 1633 731 1689 iugulo,
757 1639 882 1686 atque
906 1631 1010 1673 haec
1032 1631 1204 1685 insuper
1227 1628 1359 1671 addit:

142 1711 239 1746 ‚,en‚
265 1711 388 1752 agros
413 1702 472 1746 et,
499 1710 624 1750 quam
648 1695 777 1745 bello,
803 1695 1002 1744 Troiane,
1027 1693 1180 1749 petisti,

141 1758 392 1814 Hesperiam
417 1758 560 1799 metire
584 1758 744 1800 iacens:
769 1757 873 1799 haec
896 1756 1099 1813 praemia,
1125 1754 1197 1809 qui
1221 1768 1288 1795 me
1537 1763 1602 1794 360

141 1821 251 1862 ferro
275 1820 367 1862 ausi
390 1826 610 1875 temptare,
635 1820 793 1870 ferunt,
820 1819 880 1862 sie
903 1818 1068 1861 moenia
1091 1817 1315 1860 condunt.“

142 1882 239 1924 huic
262 1882 455 1924 comitem
478 1881 675 1938 Asbyten
698 1882 885 1925 coniecta
908 1881 1081 1937 cuspide
1105 1879 1231 1921 mittit

145 1944 406 1999 Chloreaque
433 1943 710 2000 Sybarimque
734 1944 978 1998 Daretaque
1002 1941 1406 1995 Thersilochumque

143 2015 184 2048 et
208 2006 406 2049 sternacis
431 2007 528 2061 equi
550 2007 716 2062 lapsum
740 2006 901 2048 cervice
926 2005 1202 2061 Thymoeten.

145 2083 194 2111 ac
217 2068 331 2111 velut
353 2068 495 2111 Edoni
517 2069 679 2111 Boreae
704 2083 800 2111 cum
825 2068 994 2124 spiritus
1020 2067 1103 2110 alto
1539 2074 1603 2105 365

143 2131 308 2173 insonat
330 2130 524 2187 Aegaeo,
551 2131 817 2186 sequiturque
841 2131 896 2173 ad
918 2130 1039 2172 litora
1062 2130 1233 2178 fluctus3

144 2207 228 2246 qua
249 2193 363 2234 venti
385 2192 629 2243 incubuere,
654 2192 802 2248 fugam
825 2193 926 2234 dant
948 2191 1092 2233 nubila
1115 2190 1249 2232 caelo:

146 2254 207 2296 sic
230 2253 393 2304 Turno,
418 2268 680 2308 quacumque
704 2254 816 2295 viam
841 2259 972 2303 secat,
998 2252 1167 2308 agmina
1191 2251 1343 2292 cedunt

147 2329 454 2368 conversaeque
477 2321 603 2356 ruunt
626 2315 756 2365 acies,
781 2314 862 2356 fert
885 2314 1066 2369 impetus
1089 2313 1250 2368 ipsum3

149 2384 190 2418 et
214 2377 382 2418 cristam
406 2376 582 2418 adverso
606 2390 729 2418 curru
752 2376 885 2430 quatit
908 2390 1010 2417 aura
1033 2374 1255 2416 volantem.
1539 2385 1604 2415 370

146 2453 231 2480 non
256 2438 347 2479 tulit
370 2438 594 2479 instantem
617 2437 815 2493 Phegeus
840 2436 1071 2490 animisque
1094 2435 1359 2492 frementem,

148 2499 300 2543 obiecit
324 2514 417 2541 sese
442 2499 496 2541 ad
519 2514 685 2541 currum
709 2505 750 2540 et
774 2498 1010 2554 spumantia
1033 2497 1162 2539 frenis

150 2577 221 2604 ora-
245 2562 463 2604 citatorum
487 2562 633 2603 dextra
657 2561 829 2603 detorsit
853 2575 1065 2615 equorum.

150 2624 249 2665 dum
273 2623 448 2665 trahitur
470 2623 705 2679 pendetque
728 2623 858 2679 iugis,
883 2622 995 2664 hunc
1018 2622 1103 2663 lata
1125 2626 1325 2662 retectum

150 2685 293 2727 lancea
317 2685 600 2740 consequitur,
624 2684 862 2740 rumpitque
885 2683 1014 2726 infixa
1035 2682 1203 2725 bilicem
1540 2694 1603 2724 375

152 2747 318 2789 loricam
343 2758 383 2789 et
408 2762 618 2790 summum
641 2747 835 2802 degustat
859 2746 1026 2788 volnere
1050 2759 1212 2800 corpus.
