1780 3074
575 282 833 319 AENEID'OS
851 283 950 319 LIB.
965 284 1012 320 V.

112 389 224 431 solus
249 388 321 443 qui
343 387 539 430 Paridem
558 382 709 430 ⁴solitus
735 387 982 430 contendere
1007 394 1162 438 contra,

109 451 304 505 idemque
328 451 382 492 ad
406 450 631 501 tumulum,
655 464 740 504 quo
763 450 971 492 maximus
996 450 1171 493 occubat
1194 450 1366 501 Hector,

109 513 307 565 victorem
330 512 472 554 Buten
493 512 650 554 inmani
674 527 863 567 corpore,
888 513 959 567 qui
984 528 1029 555 se

109 574 318 631 Bebrycia
340 575 511 616 veniens
536 573 692 630 Amyci
715 575 767 616 de
790 581 916 631 gente
940 574 1111 626 ferebat,

108 637 285 693 perculit
308 643 350 679 et
372 636 490 679 fulva
512 636 805 679 moribundum
830 637 1015 678 extendit
1038 652 1175 679 arena.

110 699 204 741 talis
228 699 363 754 prima
390 699 530 741 Dares
555 705 680 754 caput
703 698 833 740 altum
856 699 900 740 in
922 699 1080 754 proelia
1103 700 1221 750 tollit,

111 761 373 815 ostenditque
396 760 591 802 humeros
615 760 740 810 latos,
767 760 1007 815 alternaque
1030 761 1156 803 iactat

110 823 281 865 brachia
303 823 554 878 protendens
579 828 621 863 et
646 821 835 863 verberat
858 822 1009 864 ictibus
1034 838 1169 865 auras.

112 885 323 939 quaeritur
345 884 442 926 huie
465 884 571 926 alius
579 901 591 935 3
615 898 694 925 nec
719 885 941 938 quisquam
965 899 1018 927 ex
1042 886 1208 941 agmine
1233 892 1348 928 tanto

112 947 237 989 audet
260 947 372 989 adire
396 947 532 988 virum
555 945 831 1000 manibusque
854 946 1051 989 inducere
1076 955 1254 990 caestus.

113 1024 212 1066 ergo
237 1008 383 1051 alacris
408 1014 663 1062 cunctosque
691 1014 843 1063 putans
868 1009 1069 1051 excedere
1092 1009 1231 1065 palma

110 1071 282 1114 Aeneae
306 1070 419 1112 stetit
442 1075 536 1112 ante
559 1070 707 1126 pedes,
733 1085 810 1112 nec
833 1070 954 1126 plura
976 1077 1160 1113 moratus

112 1140 201 1175 tum
223 1132 344 1174 laeva
367 1138 532 1174 taurum
556 1146 684 1174 cornu
709 1138 822 1174 tenet
846 1138 970 1187 atque
994 1133 1053 1175 ita
1071 1133 1206 1177 fatur:

114 1201 235 1248 „nate
259 1195 356 1245 dea,
382 1194 418 1236 si
441 1209 563 1236 nemo
587 1194 713 1236 audet
737 1210 782 1236 se
807 1195 974 1237 credere
997 1210 1176 1252 pugnae,

113 1271 221 1311 quae
242 1256 337 1298 finis
363 1256 523 1298 standi?
546 1271 630 1310 quo
653 1271 720 1298 me
744 1257 866 1298 decet
888 1272 1022 1311 usque
1046 1258 1203 1299 teneri?

114 1319 266 1361 ducere
290 1319 400 1360 dona
421 1318 559 1360 iube.“
585 1318 724 1360 cuncti
748 1319 871 1364 simul
896 1334 967 1361 ore
990 1319 1225 1376 fremebant

113 1380 400 1430 Dardanidae,
425 1380 625 1434 reddique
648 1380 739 1422 viro
761 1381 969 1436 promissa
990 1381 1202 1424 iubebant.

114 1444 183 1486 hic
205 1443 346 1500 gravis
370 1442 585 1484 Entellum
610 1442 731 1484 dictis
756 1443 934 1499 castigat
956 1442 1151 1494 Acestes,

114 1506 327 1562 proximus
352 1511 399 1546 ut
421 1504 623 1546 viridante
653 1510 743 1546 toro
768 1505 1012 1547 consederat
1034 1505 1207 1547 herbae:

118 1567 327 1620 „Entelle‚
353 1566 526 1608 heroum
550 1567 761 1620 quondam
786 1567 1012 1608 fortissime
1036 1567 1203 1618 frustra,

115 1635 282 1672 tantane
306 1634 391 1670 tam
414 1628 577 1684 patiens
601 1628 715 1670 nullo
741 1629 963 1670 certamine
988 1628 1076 1670 tolli

116 1691 227 1733 dona
251 1690 386 1732 sines?
410 1689 483 1732 ubi
505 1704 617 1731 nunc
640 1689 761 1732 nobis
787 1690 891 1732 deus
915 1690 984 1732 ille
1008 1691 1220 1746 magister,

116 1753 370 1808 nequiquam
394 1758 646 1794 memoratus
670 1752 815 1807 Eryx?
838 1752 908 1794 ubi
935 1752 1048 1794 fama
1071 1768 1146 1808 per
1169 1768 1333 1795 omnem

118 1815 376 1857 Trinacriam
400 1821 442 1856 et
466 1814 598 1870 spolia
620 1814 692 1855 illa
715 1814 798 1856 tuis
823 1815 1047 1869 pendentia
1070 1815 1248 1857 tectis?“

118 1870 187 1919 ine
211 1877 289 1919 sub
313 1876 435 1918 haec:
463 1891 571 1928 „non
595 1876 729 1918 laudis
755 1891 888 1927 amor,
913 1891 991 1918 nec
1014 1876 1149 1933 gloria
1172 1877 1296 1919 cessit

117 1939 240 1996 pulsa
263 1945 396 1990 metu3
422 1939 497 1980 sed
520 1938 631 1980 enim
659 1938 824 1995 gelidus
849 1939 1037 1980 tardante
1062 1946 1230 1980 senecta

119 2001 291 2058 sanguis
315 2000 457 2051 hebet,
483 2001 719 2057 frigentque
743 2000 892 2042 effetae
914 2001 960 2042 in
983 2015 1154 2056 corpore
1178 2001 1301 2043 vires.

120 2063 156 2105 si
178 2063 299 2114 mihi,
324 2077 430 2117 quae
454 2063 665 2117 quondam
688 2062 842 2113 fuerat,
867 2077 1033 2118 quaque
1057 2062 1257 2119 inprobus
1281 2064 1361 2106 iste

120 2125 300 2168 exsultat
322 2125 475 2176 fidens,
500 2125 537 2168 si
560 2140 671 2167 nunc
695 2125 803 2167 foret
825 2125 897 2167 illa
919 2126 1125 2176 iuventas,

120 2186 234 2228 haud
257 2187 450 2240 equidem
471 2188 605 2242 pretio
627 2188 823 2229 inductus
847 2187 1104 2243 pulchroque
1127 2188 1303 2230 iuvenco

121 2248 349 2297 venissem,
373 2262 451 2289 nec
474 2249 584 2289 dona
606 2251 783 2290 moror.“
810 2249 871 2290 sic
894 2249 1043 2290 deinde
1066 2249 1230 2290 locutus

122 2310 167 2351 in
189 2309 372 2350 medium
395 2309 584 2364 geminos
607 2310 766 2351 inmani
787 2311 971 2365 pondere
996 2316 1162 2352 caestus

123 2370 313 2426 proiecit,
338 2369 490 2424 quibus
514 2385 609 2411 acer
629 2370 750 2425 Eryx
773 2371 817 2412 in
838 2371 996 2426 proelia
1019 2378 1162 2413 suetus

50 2468 53 2469 γ
125 2432 233 2474 ferre
256 2446 427 2472 manum
451 2431 636 2485 duroque
659 2431 874 2473 intendere
897 2431 1067 2473 brachia
1090 2438 1220 2488 tergo.

125 2495 376 2550 obstupuere
400 2494 544 2535 animi:
569 2499 775 2535 tantorum
798 2493 982 2549 ingentia
1006 2494 1164 2549 septem

126 2564 243 2614 terga
265 2556 394 2598 boum
416 2554 588 2611 plumbo
611 2556 750 2597 insuto
774 2555 966 2609 ferroque
989 2555 1191 2611 rigebant.

128 2626 222 2661 ante
245 2618 380 2660 omnis
406 2624 544 2673 stupet
566 2618 656 2673 ipse
679 2617 818 2659 Dares
844 2617 1051 2673 longeque
1074 2623 1251 2667 recusat,

129 2681 502 2737 magnanimusque
524 2678 804 2721 Anchisiades
830 2685 871 2720 et
894 2679 1058 2734 pondus
1083 2685 1124 2720 et
1146 2679 1240 2734 ipsa

130 2742 211 2784 huc
233 2743 332 2784 illuc
354 2742 583 2784 vinclorum
606 2741 795 2783 inmensa
818 2740 1028 2782 volumina
1051 2747 1202 2783 versat.

203 2818 355 2853 Verquius.
499 2835 503 2842 ·
1210 2814 1227 2848 1
1235 2813 1258 2848 2

1392 277 1473 318 177

1501 403 1567 433 370

1504 714 1569 745 375

1507 1023 1572 1054 380

1508 1334 1574 1365 385

1512 1643 1577 1673 390

1512 1953 1577 1984 395

1512 2262 1579 2292 400

1513 2568 1579 2599 405
