1780 3074
532 277 793 317 AENEIDOS
817 278 916 315 LIB.
927 279 1013 318 VII.

93 384 152 427 sic
175 383 324 426 deinde
349 382 499 425 effatus
523 382 733 425 frondenti
757 389 944 439 tempora
966 398 1082 426 ramo

90 446 260 503 inplicat
283 451 325 488 et
347 445 600 502 geniumque
623 445 704 488 loci
726 446 987 501 primamque
1012 446 1185 488 deorum

92 508 303 551 Tellurem
324 507 628 563 Nymphasque
651 513 693 549 et
715 508 852 550 adhuc
873 508 1018 564 ignota
1039 514 1232 564 precatur

90 570 279 622 flumina,
304 576 394 612 tum
417 576 582 613 noctem
604 570 822 625 noctisque
846 570 1020 613 orientia
1043 571 1165 627 signa

90 632 347 687 Idaeumque
372 631 517 674 Iovem
540 632 853 689 Phrygiamque
877 647 930 675 ex
954 632 1097 675 ordine
1120 638 1296 675 matrem

90 695 256 737 invocat
279 701 320 736 et
343 695 520 750 duplicis
545 695 742 750 caeloque
765 694 991 750 Ereboque
1013 701 1219 750 parentes.

90 755 159 799 hic
180 762 299 813 pater
322 757 582 812 omnipotens
606 763 670 799 ter
693 756 808 799 caelo
833 757 968 799 clarus
993 757 1046 799 ab
1071 757 1154 800 alto

90 818 286 869 intonuit,
310 818 523 872 radiisque
547 818 760 860 ardentem
782 818 888 861 lucis
914 824 956 860 et
978 833 1079 861 auro

90 880 182 936 ipse
204 895 332 922 manu
355 880 544 935 quatiens
570 880 751 922 ostendit
774 880 828 923 ab
853 881 1018 934 aethere
1042 881 1209 924 nubem.

91 941 247 984 diditur
268 941 338 985 hic
363 941 501 984 subito
526 942 709 984 Troiana
731 957 807 998 per
830 938 999 999 agmina
1020 959 1175 994 rumor,

91 1004 311 1047 advenisse
335 1004 464 1055 diem,
490 1019 574 1059 quo
598 1004 740 1047 debita
762 1005 928 1047 moenia
952 1006 1146 1048 condant.

91 1066 278 1108 certatim
300 1066 532 1108 instaurant
555 1066 700 1123 epulas
725 1073 851 1122 atque
875 1067 1014 1109 omine
1037 1082 1192 1124 magno

91 1135 271 1170 crateras
294 1127 393 1170 laeti
418 1134 605 1171 statuunt
629 1135 670 1170 et
692 1129 791 1171 vina
815 1135 1026 1172 coronant.

147 1189 324 1233 Postera
348 1205 443 1232 cum
466 1191 602 1246 prima
624 1191 829 1234 lustrabat
850 1191 1044 1248 lampade
1069 1198 1199 1235 terras

92 1258 182 1295 orta
204 1252 314 1303 dies,
339 1252 486 1295 urbem
511 1260 552 1295 et
574 1253 678 1296 fines
704 1260 746 1296 et
767 1254 889 1296 litora
911 1255 1050 1311 gentis

92 1315 245 1357 diversi
270 1314 505 1370 explorant3
529 1315 634 1357 haec
657 1315 786 1358 fontis
812 1322 962 1373 stagna
984 1317 1165 1367 Numici,

92 1376 203 1419 hunc
227 1376 430 1432 Thybrim
455 1377 646 1428 fluvium,
671 1377 740 1420 hic
762 1378 882 1420 fortis
906 1378 1092 1421 habitare
1116 1378 1308 1421 Latinos.

93 1446 181 1480 tum
206 1444 322 1481 satus
344 1438 536 1481 Anchisa
558 1439 740 1482 delectos
765 1440 909 1482 ordine
932 1440 985 1483 ab
1009 1441 1123 1483 omni

94 1507 261 1543 centum
284 1507 466 1544 oratores
491 1508 670 1559 augusta
694 1502 748 1543 ad
771 1502 936 1544 moenia
957 1503 1070 1559 regis

93 1563 152 1605 ire
176 1563 310 1615 iubet,
334 1564 460 1607 ramis
485 1564 644 1607 velatos
669 1564 854 1607 Palladis
880 1565 1028 1616 omnis,

93 1625 284 1680 donaque
307 1625 416 1668 ferre
439 1626 547 1677 viro,
571 1641 803 1683 pacemque
828 1642 1054 1683 exposcere
1080 1628 1267 1670 Teucris.

93 1687 208 1729 haud
230 1703 364 1739 mora,
389 1688 588 1730 festinant
610 1689 715 1731 iussi
738 1690 977 1745 rapidisque
1002 1690 1192 1732 feruntur

94 1749 301 1805 passibus.
326 1750 417 1805 ipse
439 1750 587 1792 humili
611 1751 803 1807 designat
826 1753 991 1794 moenia
1015 1752 1144 1803 fossa,

95 1810 344 1866 moliturque
367 1811 525 1863 locum,
549 1813 788 1868 primasque
812 1814 857 1855 in
879 1814 998 1856 litore
1024 1815 1144 1857 sedes

96 1879 326 1916 castrorum
350 1875 394 1916 in
417 1889 574 1917 morem
596 1876 735 1931 pinnis
760 1882 884 1931 atque
909 1892 1063 1934 aggere
1088 1878 1229 1934 cingit.

95 1936 261 1990 iamque
284 1936 362 1978 iter
385 1938 543 1980 emensi
565 1938 688 1980 turris
713 1953 763 1980 ac
786 1945 896 1981 tecta
917 1940 1168 1982 Latinorum

95 1998 225 2040 ardua
248 1999 471 2042 cernebant
493 2000 684 2052 iuvenes,
709 2016 910 2056 muroque
936 2002 1144 2045 subibant.

95 2065 191 2102 ante
214 2060 361 2103 urbem
383 2062 501 2118 pueri
526 2072 566 2105 et
588 2063 801 2119 primaevo
825 2064 926 2107 flore
949 2065 1143 2107 iuventus

95 2130 340 2166 exercentur
363 2125 500 2179 equis,
526 2125 810 2181 domitantque
833 2127 877 2168 in
900 2127 1071 2182 pulvere
1096 2142 1255 2178 currus,

95 2190 168 2226 aut
191 2185 297 2228 acris
321 2187 496 2228 tendunt
518 2202 638 2230 arcus
643 2219 658 2246 ,
684 2195 756 2230 aut
778 2189 890 2231 lenta
912 2189 1076 2231 lacertis

97 2246 257 2302 spicula
280 2254 571 2302 contorquent,
597 2264 805 2304 cursuque
829 2251 997 2305 ictuque
1021 2251 1247 2301 lacessunt,

97 2321 194 2349 cum
216 2316 462 2364 praevectus
487 2325 595 2364 equo
619 2311 813 2367 longaevi
835 2313 947 2369 regis
972 2313 1027 2354 ad
1050 2313 1162 2355 auris

97 2369 268 2412 nuntius
291 2370 472 2427 ingentis
494 2372 640 2427 ignota
661 2372 706 2414 in
728 2379 845 2415 veste
867 2381 1050 2429 reportat

99 2431 318 2475 advenisse
341 2432 465 2475 viros.
489 2433 558 2475 ille
581 2433 690 2476 intra
712 2440 822 2476 tecta
843 2436 983 2477 vocari

97 2495 273 2550 imperat
296 2501 336 2537 et
361 2495 465 2537 solio
488 2495 651 2537 medius
676 2497 863 2538 consedit
886 2497 1010 2539 avito.

99 2563 253 2599 tectum
277 2563 523 2613 augustum,
548 2557 715 2613 ingens,
741 2564 907 2599 centum
932 2558 1108 2600 sublime
1133 2558 1347 2609 columnis,

98 2618 202 2661 urbe
225 2618 305 2660 fuit
330 2634 511 2670 summa,
537 2619 763 2661 Laurentis
787 2620 904 2676 regia
926 2619 1030 2671 Pici,

99 2679 350 2723 horrendum
375 2681 491 2723 silvis
516 2687 557 2723 et
579 2681 777 2738 religione
801 2688 1030 2737 parentum.

100 2741 168 2784 hic
192 2749 354 2800 sceptra
377 2743 563 2799 accipere
587 2752 628 2786 et
651 2744 807 2799 primos
832 2744 1017 2787 attollere
1041 2744 1178 2787 fasces

1374 270 1457 313 217

1485 397 1551 428 135

1489 707 1553 738 140

1471 1019 1553 1049 *145

1491 1330 1554 1360 150

1463 1687 1467 1692 Ι
1491 1642 1555 1672 155

1492 1953 1557 1984 160

1490 2262 1556 2293 165

1490 2571 1553 2603 170
