1800 3080
770 279 910 317 CIRJS.
1437 268 1521 312 365

153 387 404 440 Dauliades,
428 386 627 445 gaudete:
652 385 766 429 venit
790 385 1003 428 carissima
1026 383 1146 427 vobis
1548 396 1615 429 200

154 457 354 508 cognatos
379 464 538 507 augens
561 463 683 506 reges
707 461 1009 503 numerumque
1034 461 1205 490 suorum

154 513 249 556 ciris
274 518 316 555 et
337 512 429 569 ipse
451 517 582 568 pater.
607 525 702 562 vos,
729 525 754 553 o
777 510 1055 567 pulcherrima
1078 509 1290 564 quondam

155 589 345 631 corpora,
371 573 583 617 caeruleas
606 572 855 629 praevertite
878 572 922 614 in
946 571 1114 614 aethera
1136 570 1284 622 nubes,

154 652 238 692 qua
260 651 396 678 novus
421 635 476 678 ad
499 649 698 692 superum
723 635 843 677 sedes
867 634 1096 678 haliaeetus
1121 639 1163 676 et
1186 648 1270 689 qua

155 698 333 741 candida
355 711 578 740 concessos
603 697 830 739 adscendat
854 697 949 739 ciris
973 696 1166 739 honores.
1551 708 1616 739 205

211 760 386 815 Iamque
410 760 515 802 adeo
540 758 652 801 dulei
675 759 893 801 devinctus
917 758 1077 800 lumina
1100 773 1248 800 somno

154 822 283 865 Nisus
307 827 413 873 erat,
438 821 696 878 vigilumque
719 820 864 877 procul
889 821 1078 863 custodia
1099 820 1245 877 primis

156 884 354 927 excubias
378 884 538 927 foribus
564 883 700 926 studio
724 882 904 926 iactabat
926 883 1054 934 inani,

156 961 253 989 cum
277 946 420 988 furtim
443 945 568 988 tacito
592 945 849 988 descendens
877 943 1019 1000 Scylla
1043 944 1171 987 cubili

158 1007 328 1050 auribus
353 1007 521 1049 arrectis
546 1013 748 1049 nocturna
772 1007 935 1049 silentia
958 1012 1090 1048 tentat
1554 1019 1620 1049 210

157 1076 197 1112 et
219 1068 376 1126 pressis
401 1074 569 1110 tenuem
593 1068 844 1125 singultibus
868 1083 966 1110 aera
989 1074 1140 1124 captat.

156 1143 246 1174 tum
270 1145 474 1187 suspensa
496 1129 640 1173 levans
665 1130 807 1187 digitis
831 1130 1010 1187 vestigia
1033 1130 1179 1186 primis

156 1193 384 1251 egreditur,
409 1192 602 1248 ferroque
626 1208 775 1235 manus
800 1199 958 1234 armata
982 1192 1142 1235 bidenti

157 1256 313 1306 evolat3
338 1261 382 1297 at
404 1255 596 1311 demptae
622 1254 760 1298 subita
781 1254 827 1297 in
849 1254 1072 1297 formidine
1096 1255 1220 1297 vires.

158 1318 369 1361 caeruleas
394 1333 471 1360 sua
493 1317 606 1360 furta
626 1317 742 1373 prius
767 1323 942 1360 testatur
965 1318 1020 1360 ad
1042 1317 1226 1361 umbras.
1556 1330 1621 1360 215

157 1395 274 1430 nam,
301 1394 384 1435 qua
407 1394 452 1422 se
477 1380 531 1421 ad
553 1380 734 1435 patrium
758 1379 955 1422 tendebat
978 1381 1123 1423 semita
1148 1380 1289 1431 limen,

157 1442 365 1484 vestibulo
387 1442 432 1484 in
455 1441 626 1484 thalami
648 1441 836 1498 paullum
858 1448 1090 1485 remoratur
1113 1449 1154 1485 et
1179 1442 1251 1484 alti

160 1504 334 1561 suspicit
356 1504 411 1547 ad
434 1504 558 1546 lunae
581 1504 770 1546 nutantia
794 1504 932 1547 sidera
954 1505 1112 1556 mundi,

157 1582 244 1610 non
266 1572 438 1623 accepta
460 1566 541 1622 piis
564 1567 810 1623 promittens
834 1581 1007 1609 munera
1031 1567 1152 1609 divis.

217 1628 358 1683 Quam
382 1628 506 1671 simul
531 1627 693 1686 Ogygii
715 1628 939 1671 Phoenicis
963 1629 1050 1671 filia
1075 1628 1228 1672 Carme
1555 1641 1622 1672 220

160 1705 331 1748 surgere
356 1691 487 1733 sensit
510 1707 615 1734 anus
640 1717 695 1722 —
721 1691 903 1734 sonitum
926 1707 1024 1734 nam
1047 1691 1204 1734 fecerat
1226 1691 1287 1733 illi

158 1767 391 1795 marmoreo
415 1758 579 1796 aeratus
605 1753 782 1796 stridens
806 1754 851 1795 in
873 1753 1015 1796 limine
1039 1754 1164 1796 cardo
1188 1779 1262 1804 —,

160 1815 327 1871 corripit
351 1815 560 1872 extemplo
584 1815 743 1858 fessam
765 1816 967 1873 languore
990 1816 1187 1872 puellam,

160 1884 202 1919 et
226 1877 350 1920 simul
375 1892 427 1929 „o
449 1877 571 1920 nobis
597 1893 762 1920 sacrum
786 1880 957 1935 caput,“
982 1878 1117 1933 inquit
1142 1878 1348 1930 „alumna‚

159 1954 244 1982 non
267 1939 343 1982 tibi
365 1940 619 1995 nequiquam
640 1940 785 1983 viridis
808 1955 885 1997 per
906 1940 1070 1983 viscera
1091 1941 1225 1998 pallor
1556 1954 1622 1985 225

163 2007 354 2058 aegrotas
379 2002 494 2044 tenui
517 2002 691 2044 suffudit
715 2003 919 2060 sanguine
943 2018 1086 2054 venas,

160 2078 239 2106 nec
261 2063 365 2106 levis
383 2063 463 2106 hoc
482 2064 853 2120 faceret—neque
877 2065 987 2107 enim
1011 2071 1108 2122 pote
1122 2091 1196 2117 —,
1222 2080 1339 2107 eura:
1366 2064 1533 2122 subegit

159 2125 274 2168 haud
295 2125 436 2177 fallor,
462 2126 576 2182 quod
597 2132 645 2169 ut
668 2141 694 2169 o
716 2127 875 2183 potius,
900 2127 1181 2179 Rhamnusia,
1206 2127 1348 2170 fallari

160 2203 259 2229 nam
282 2202 366 2243 qua
388 2194 430 2230 te
454 2203 604 2231 caussa
625 2204 704 2231 nec
728 2189 861 2232 dulcis
885 2190 1036 2250 poeula
1059 2190 1219 2232 Bacchi

161 2263 239 2291 nec
262 2249 457 2305 gravidos
483 2249 648 2293 Cereris
673 2251 810 2292 dicam
833 2251 1073 2307 contingere
1097 2252 1230 2300 fetus;
1558 2263 1624 2294 230

162 2325 270 2365 quae
294 2325 444 2353 caussa
467 2312 522 2353 ad
543 2311 724 2367 patrium
749 2312 881 2354 solam
903 2313 1077 2368 vigilare
1102 2313 1252 2363 cubile,

163 2378 348 2428 tempore
372 2386 456 2427 quo
478 2372 615 2415 fessas
638 2373 830 2415 mortalia
851 2379 1021 2429 pectora
1044 2389 1178 2425 curas,

164 2448 246 2488 quo
269 2430 436 2490 rapidos
461 2434 586 2477 etiam
608 2435 875 2490 requiescunt
897 2435 1070 2479 flumina
1093 2437 1266 2479 cursus?

164 2495 231 2538 dic
255 2510 333 2552 age
356 2510 468 2538 nunc
490 2497 667 2539 miserae
692 2497 858 2548 saltem,
883 2498 997 2552 quod
1021 2513 1146 2555 saepe
1169 2500 1326 2555 petenti

164 2557 330 2600 iurabas
354 2557 457 2600 nihil
480 2573 573 2601 esse
597 2559 718 2610 mihi,
744 2574 840 2602 cum
863 2566 1024 2602 maesta
1046 2561 1229 2616 parentis
1558 2575 1623 2607 235

164 2619 371 2662 formosos
395 2620 551 2663 circum
573 2621 693 2678 virgo
716 2636 920 2664 morerere
945 2623 1142 2679 capillos?

165 2681 234 2722 hei
256 2681 376 2731 mihi,
400 2697 453 2724 ne
477 2682 592 2725 furor
613 2683 683 2726 ille
707 2689 800 2726 tuos
823 2684 1022 2727 invaserit
1045 2692 1173 2737 artus,

166 2742 254 2794 ille,
278 2742 448 2787 Arabae
471 2744 670 2801 Myrrhae
694 2746 905 2801 quondam
929 2747 1000 2802 qui
1025 2747 1134 2804 cepit
1158 2747 1323 2799 ocellos,
