1800 3106
590 287 848 326 AENEIDOS
874 288 971 323 LIB.
984 289 1089 325 VIII.

160 411 258 452 ergo
281 396 358 437 iter
380 394 591 450 inceptum
615 392 795 434 celerant
818 406 981 434 rumore
1007 391 1201 433 secundo.

159 458 311 500 labitur
333 463 458 498 uncta
481 454 599 496 vadis
624 453 759 505 abies3
784 454 984 496 mirantur
1007 459 1049 495 et
1072 454 1220 504 undae,

161 520 331 562 miratur
353 533 500 560 nemus
525 517 734 558 insuetum
758 516 962 573 fulgentia
984 516 1108 573 longe

161 587 279 623 scuta
302 581 438 622 virum
462 579 587 621 fluvio
611 579 826 634 pictasque
850 578 992 620 innare
1017 578 1190 621 carinas.

161 643 232 685 olli
255 642 429 698 remigio
452 646 699 694 noctemque
723 641 916 694 diemque
939 640 1129 696 fatigant,

161 711 203 747 et
225 704 373 760 longos
400 708 596 758 superant
619 702 771 753 flexus,
797 703 1004 756 variisque
1029 708 1225 758 teguntur

162 765 399 815 arboribus,
424 764 650 818 viridisque
675 765 823 806 secant⁴
840 763 1003 819 placido
1027 779 1205 818 aequore
1231 764 1370 806 silvas.

163 827 226 870 sol
249 823 432 868 medium
456 825 559 867 caeli
583 826 878 867 conscenderat
900 826 1048 881 igneus
1074 825 1229 875 orbem,

162 904 257 931 cum
282 903 421 930 muros
446 901 666 941 arcemque
689 887 834 942 procul
857 902 906 928 ac
928 903 1022 929 rara
1045 887 1262 929 domorum

163 956 271 992 tecta
293 950 452 1000 vident3
479 963 585 1003 quae
609 963 719 990 nunc
742 949 934 991 Romana
955 949 1141 1004 potentia
1165 949 1280 991 caelo

162 1011 374 1066 aequavit3
398 1018 487 1052 tum
509 1025 576 1052 res
600 1010 745 1066 inopes
768 1010 994 1052 Euandrus
1018 1010 1211 1052 habebat.

160 1074 276 1116 ocius
301 1073 520 1114 advertunt
541 1087 704 1127 proras,
730 1072 904 1126 urbique
928 1073 1218 1128 propinquant.

216 1135 342 1177 Forte
366 1135 432 1176 die
457 1134 699 1176 sollemnem
722 1134 793 1176 illo
815 1149 890 1176 rex
911 1134 1048 1176 Arcas
1072 1134 1272 1176 honorem

161 1196 560 1252 Amphitryoniadae
583 1211 735 1252 magno
761 1197 950 1251 divisque
974 1196 1135 1238 ferebat

163 1264 258 1300 ante
280 1258 427 1300 urbem
450 1259 494 1299 in
516 1259 623 1300 luco.
647 1258 789 1300 Pallas
814 1259 910 1300 huic
933 1259 1042 1301 filius
1067 1274 1164 1309 una,

164 1335 247 1361 una
270 1334 414 1365 omnes
437 1319 635 1361 iuvenum
656 1320 779 1375 primi
802 1334 1041 1375 pauperque
1067 1327 1237 1363 senatus

165 1387 258 1423 tura
281 1381 453 1430 dabant,
479 1381 726 1435 tepidusque
751 1396 870 1423 cruor
892 1382 1082 1424 fumabat
1103 1383 1158 1424 ad
1182 1398 1288 1424 aras.

165 1449 212 1484 ut
236 1442 368 1484 celsas
392 1442 532 1484 videre
555 1448 665 1484 rates
690 1449 813 1496 atque
837 1443 945 1485 inter
967 1459 1143 1499 opacum

167 1504 305 1546 adlabi
327 1519 475 1546 nemus
500 1509 541 1545 et
563 1504 710 1546 tacitos
734 1504 973 1547 incumbere
996 1506 1135 1556 remis,

167 1573 369 1609 terrentur
391 1567 486 1608 visu
510 1565 665 1617 subito,
692 1567 910 1622 cunctique
933 1567 1086 1610 relictis

167 1635 424 1684 consurgunt
447 1627 616 1670 mensis.
642 1628 780 1670 audax
803 1643 908 1682 quos
933 1644 1124 1685 rumpere
1147 1629 1290 1671 Pallas

169 1705 286 1732 sacra
309 1697 440 1741 vetat,
464 1697 666 1746 raptoque
690 1690 803 1733 volat
826 1691 908 1733 telo
932 1691 1080 1734 obvius
1103 1692 1207 1748 ipse,

169 1759 210 1794 et
232 1753 375 1808 procul
399 1768 422 1794 e
445 1753 623 1795 tumulo:
652 1753 847 1804 „iuvenes
855 1786 866 1805 ,
892 1769 999 1809 quae
1023 1769 1173 1796 caussa
1197 1753 1362 1810 subegit

168 1814 331 1870 ignotas
355 1820 556 1870 temptare
578 1814 694 1856 vias?
717 1830 800 1869 quo
824 1816 1049 1857 tenditis?“
1074 1816 1220 1870 inquit.

1437 280 1518 322 ‘237

172 1875 269 1929 „qui
291 1876 451 1932 genus?
472 1876 583 1918 unde
607 1877 756 1918 domo?
778 1892 978 1932 pacemne
1001 1877 1083 1919 huc
1106 1877 1224 1919 fertis
1249 1892 1303 1918 an
1326 1877 1497 1918 arma?“

172 1944 263 1978 tum
285 1944 404 1993 pater
425 1936 593 1980 Aeneas
618 1938 749 1994 puppi
773 1939 834 1980 sic
856 1939 969 1980 fatur
992 1938 1044 1981 ab
1069 1939 1164 1989 alta,

167 1999 457 2055 paciferaeque
480 2015 607 2040 manu
629 2015 790 2041 ramum
814 2001 1046 2056 praetendit
1069 2000 1221 2042 olivae:

171 2060 458 2116 „Troiugenas
483 2075 532 2102 ac
556 2061 638 2102 tela
660 2061 777 2104 vides
801 2062 968 2104 inimica
990 2062 1169 2112 Latinis,

168 2136 273 2176 quos
297 2122 356 2163 illi
379 2122 487 2164 bello
510 2122 713 2179 profugos
738 2138 860 2180 egere
885 2124 1078 2180 superbo.

168 2183 415 2225 Euandrum
438 2185 633 2239 petimus.
659 2185 763 2226 ferte
787 2185 890 2227 haec
914 2192 956 2227 et
978 2186 1102 2227 dicite
1124 2185 1254 2227 lectos

168 2244 408 2286 Dardaniae
433 2246 598 2287 venisse
622 2247 768 2296 duces,
795 2247 908 2288 socia
931 2263 1046 2288 arma
1068 2249 1305 2303 rogantes.“

171 2304 385 2360 obstupuit
407 2310 521 2348 tanto
545 2321 768 2361 percussus
792 2308 958 2349 nomine
981 2308 1141 2349 Pallas:

174 2365 396 2422 „egredere
421 2381 445 2408 o
470 2367 718 2420 quicumque
742 2383 787 2409 es
795 2371 834 2418 ,“
861 2369 936 2418 ait,
964 2383 1212 2422 „coramque
1235 2375 1447 2423 parentem

172 2427 415 2481 adloquere,
442 2442 491 2469 ac
514 2428 666 2469 nostris
691 2430 867 2470 succede
890 2429 1110 2483 penatibus
1133 2429 1326 2484 hospes-‘⁶

173 2491 416 2546 excepitque
440 2506 586 2541 manu,
612 2491 882 2545 dextramque
905 2491 1121 2546 amplexus
1144 2491 1334 2533 inhaesit.

171 2553 383 2609 progressi
406 2552 586 2595 subeunt
608 2553 720 2603 luco,
746 2553 1001 2606 fluviumque
1024 2553 1271 2607 relinquunt.

230 2614 340 2656 Tum
363 2629 505 2670 regem
528 2613 697 2657 Aeneas
722 2614 842 2656 dictis
867 2614 1033 2655 adfatur
1056 2614 1221 2656 amicis:

176 2676 354 2731 „optime
379 2674 685 2732 Graiugenum,
711 2676 779 2718 cui
801 2690 868 2717 me
891 2675 1058 2717 fortuna
1080 2676 1239 2731 precari

174 2743 218 2778 et
238 2737 340 2779 vitta
364 2744 551 2793 comptos
575 2737 706 2779 voluit
728 2737 996 2792 praetendere
1019 2751 1168 2787 ramos,

1548 405 1591 435 90

1551 716 1592 747 95

1555 1024 1619 1054 100

1564 1334 1620 1365 105

1559 1643 1623 1672 110

1562 1953 1625 1982 115

1561 2259 1628 2289 120

1562 2566 1624 2596 125
