1794 3048
354 301 434 342 190
755 311 794 343 P.
815 309 1042 344 VERGILII
1063 308 1285 346 MARONIS

759 692 1286 744 AENEIDOS

832 880 1087 931 LIBER
1134 894 1203 931 vr.

405 1021 476 1064 Sic
499 1021 608 1063 fatur
631 1021 866 1071 lacrimans,
891 1022 1093 1076 classique
1117 1023 1281 1064 inmittit
1305 1023 1486 1066 habenas

348 1088 388 1123 et
410 1082 574 1124 tandem
597 1082 795 1123 Euboicis
821 1081 1045 1124 Cumarum
1069 1083 1271 1124 adlabitur
1295 1085 1388 1126 oris.

347 1143 563 1185 obvertunt
584 1143 731 1198 pelago
755 1157 914 1197 proras;
940 1150 1026 1184 tum
1049 1144 1169 1185 dente
1194 1146 1325 1186 tenaci

346 1218 495 1245 ancora
517 1203 716 1244 fundabat
738 1204 854 1244 navis
879 1210 920 1245 et
942 1204 1060 1246 litora
1083 1219 1230 1246 curvae

302 1278 322 1307 5
345 1270 587 1319 praetexunt
607 1279 779 1320 puppes.
804 1265 999 1306 iuvenum
1021 1280 1166 1306 manus
1192 1266 1338 1307 emicat
1361 1267 1506 1308 ardens

345 1325 441 1366 litus
465 1326 507 1366 in
530 1325 779 1379 Hesperium
787 1341 798 1374 3
822 1325 980 1378 quaerit
1002 1340 1097 1379 pars
1123 1327 1279 1367 semina
1301 1326 1490 1368 flammae

346 1385 536 1427 abstrusa
563 1386 605 1426 in
628 1386 743 1427 venis
769 1386 911 1435 silicis,
936 1400 1030 1440 pars
1057 1387 1184 1427 densa
1207 1387 1386 1428 ferarum

346 1453 453 1488 tecta
474 1447 580 1501 rapit
603 1446 746 1496 silvas,
770 1446 1016 1500 inventaque
1039 1447 1207 1489 fiumina
1229 1454 1439 1490 monstrat.

346 1514 387 1549 at
409 1507 501 1562 pius
524 1506 690 1548 Aeneas
715 1522 848 1558 arces,
873 1507 1022 1561 quibus
1046 1508 1152 1550 altus
1175 1507 1329 1563 Apollo

282 1581 322 1611 10
346 1568 566 1622 praesidet,
591 1567 895 1622 horrendaeque
918 1569 1063 1624 procul
1087 1576 1241 1611 secreta
1266 1568 1461 1625 Sibyllae,

345 1634 506 1670 antrum
528 1629 709 1679 inmane,
734 1630 852 1684 petit,
877 1645 1070 1686 magnam
1094 1631 1160 1672 cui
1182 1637 1373 1672 mentem·
1384 1632 1644 1686 animumque

345 1690 492 1732 Delius
515 1690 686 1745 inspirat
708 1697 822 1732 vates
847 1692 1056 1746 aperitque
1079 1692 1229 1733 futura.

344 1752 428 1793 iam
451 1751 628 1794 subeunt
652 1752 815 1794 Triviae
839 1753 953 1795 lucos
979 1760 1101 1807 atque
1125 1769 1247 1796 aurea
1271 1761 1389 1796 tecta.

399 1812 632 1863 Daedalus,
657 1819 702 1854 ut
726 1813 836 1855 fama
859 1820 939 1864 est,
964 1814 1128 1870 fugiens
1151 1815 1310 1857 Minoia
1333 1831 1472 1871 regna,

281 1887 321 1916 15
344 1873 604 1928 praepetibus
628 1875 772 1928 pennis
797 1890 922 1917 ausus
947 1890 991 1917 se
1016 1876 1178 1917 credere
1204 1877 1328 1926 caelo,

343 1935 548 1976 insuetum
571 1949 645 1989 per
667 1935 743 1976 iter
764 1936 922 1991 gelidas
946 1937 1082 1978 enavit
1105 1937 1158 1978 ad
1180 1938 1344 1987 Arctos,

346 1994 663 2048 Chalcidicaque
686 1996 788 2038 levis
813 1998 977 2038 tandem
1001 2012 1124 2052 super
1147 1998 1301 2039 adstitit
1324 2012 1428 2039 arce.

343 2056 526 2097 redditus
549 2055 612 2097 his
636 2055 814 2110 primum
837 2057 972 2107 terris,
997 2057 1089 2107 tibi,
1113 2057 1301 2107 Phoebe,
1329 2058 1502 2099 sacravit

343 2116 560 2172 remigium
584 2116 758 2167 alarum,
782 2118 1000 2172 posuitque
1024 2118 1204 2159 inmania
1226 2118 1388 2173 templa.

278 2190 321 2221 20
345 2177 387 2218 in
409 2176 565 2218 foribus
589 2177 716 2218 letum
738 2177 970 2233 Androgei3
995 2184 1082 2219 tum
1103 2179 1280 2233 pendere
1303 2194 1456 2233 poenas

346 2237 598 2292 Cecropidae
621 2237 725 2280 iussi
747 2262 802 2269 —-
825 2238 1039 2280 miserum!
1064 2264 1118 2269 —-
1143 2244 1312 2294 septena
1335 2245 1434 2292 quot
1457 2239 1572 2280 annis

345 2313 514 2353 corpora
536 2305 743 2350 natorum;
769 2305 849 2341 stat
872 2300 1005 2342 ductis
1030 2300 1207 2343 sortibus
1231 2315 1344 2341 urna.

345 2366 485 2401 contra
508 2359 614 2401 elata
636 2360 739 2401 mari
760 2361 981 2415 respondet
1005 2359 1163 2403 Gnosia
1186 2361 1324 2402 tellus:

346 2420 411 2462 hic
436 2421 609 2463 crudelis
635 2436 749 2463 amor
772 2423 893 2472 tauri,
919 2428 1197 2477 suppostaque
1220 2422 1328 2463 furto

280 2494 321 2524 25
345 2481 570 2537 Pasiphae,
595 2483 850 2536 mixtumque
873 2498 1004 2539 genus
1028 2483 1244 2538 prolesque
1268 2482 1451 2524 biformis

345 2541 608 2585 Minotaurus
632 2543 756 2593 inest,
781 2542 955 2585 Veneris
980 2549 1243 2585 monumenta
1265 2542 1464 2584 nefandae
1472 2558 1483 2590 3

345 2603 412 2645 hic
434 2603 550 2646 labor
571 2604 638 2645 ille
662 2604 807 2646 domus
832 2611 872 2645 et
895 2604 1184 2646 inextricabilis
1209 2618 1335 2652 error3

346 2678 542 2718 magnum
564 2664 730 2719 reginae
754 2665 828 2706 sed
851 2665 959 2706 enim
983 2665 1198 2706 miseratus
1222 2677 1400 2705 amorem

346 2723 576 2774 Daedalus,
602 2725 690 2778 ipse
714 2724 830 2766 dolos
855 2726 950 2766 tecti
973 2725 1248 2779 ambagesque
1272 2723 1448 2771 resolvit,
