1800 3106
639 293 899 333 AENEIDOS
919 294 1016 330 LIB.
1037 295 1106 330 XI.
1473 288 1555 331 321

191 408 279 444 tuta
301 406 448 458 petunt
472 406 513 443 et
537 401 653 455 equis
679 400 814 442 aversi
839 400 892 442 ad
916 399 1080 442 moenia
1102 399 1289 442 tendunt.

191 477 268 506 nec
291 463 513 519 quisquam
536 462 728 504 instantis
754 462 940 505 Teucros
964 462 1177 517 letumque
1199 461 1380 505 ferentes

192 531 425 568 sustentare
448 525 560 567 valet
583 525 677 567 telis
702 530 774 567 aut
799 525 944 567 sistere
969 530 1130 576 contra3

191 588 266 630 sed
288 587 406 630 laxos
430 587 616 629 referunt
637 587 822 629 humeris
846 586 1141 644 languentibus
1166 602 1300 638 arcus,
1351 600 1354 603 ·

189 650 588 707 quadrupedumque
611 656 775 706 putrem
800 664 925 692 cursu
949 650 1082 704 quatit
1105 650 1264 707 ungula
1287 664 1494 707 campum.
1582 664 1649 696 875

189 712 371 754 volvitur
393 712 447 754 ad
469 727 610 754 muros
636 712 813 769 caligine
838 711 1028 754 turbidus
1054 718 1144 754 atra

188 775 326 831 pulvis
351 780 393 816 et
416 789 439 817 e
465 774 644 830 speculis
668 788 893 830 percussae
916 780 1085 830 pectora
1107 779 1261 817 matres

188 838 416 879 femineum
441 837 663 879 clamorem
687 837 741 879 ad
766 837 870 879 caeli
894 837 1031 879 sidera
1054 837 1215 879 tollunt.

189 900 262 954 qui
285 914 411 942 cursu
433 906 574 955 portas
597 899 720 956 primi
744 899 936 956 inrupere
959 905 1162 956 patentes,

187 962 265 1004 hos
289 961 458 1004 inimica
481 976 606 1017 super
629 962 759 1004 mixto
783 962 936 1018 premit
960 962 1125 1018 agmine
1150 962 1270 1004 turba
1277 979 1289 1013 3
1582 975 1649 1007 880

186 1038 265 1066 nec
287 1024 483 1066 miseram
507 1023 712 1080 effugiunt
736 1030 929 1075 mortem,
955 1025 1030 1066 sed
1053 1024 1194 1066 limine
1218 1025 1262 1065 in
1286 1025 1391 1080 ipso,

186 1086 405 1129 moenibus
430 1086 474 1127 in
497 1086 640 1142 patriis
666 1092 790 1141 atque
814 1086 922 1128 intra
946 1092 1036 1128 tuta
1060 1086 1279 1128 domorum

187 1149 339 1192 confixi
362 1149 574 1204 exspirant
598 1148 771 1191 animas.
795 1163 893 1204 pars
918 1148 1111 1191 claudere
1134 1156 1295 1204 portas3

186 1226 264 1254 nec
288 1211 411 1254 sociis
437 1211 595 1267 aperire
618 1211 749 1261 viam,
775 1225 852 1253 nec
876 1210 1094 1253 moenibus
1120 1211 1275 1253 audent

188 1274 374 1329 accipere
399 1278 583 1323 orantes,
610 1273 820 1327 oriturque
844 1273 1077 1315 miserrima
1101 1274 1249 1315 caedes
1583 1287 1649 1318 885

189 1335 486 1376 defendentum
510 1335 636 1376 armis
662 1335 798 1377 aditus
822 1335 947 1390 inque
973 1351 1089 1377 arma
1112 1341 1317 1377 ruentum.

190 1397 349 1439 exclusi
372 1403 467 1438 ante
491 1396 634 1438 oculos
658 1396 1029 1451 lacrimantumque
1055 1413 1127 1439 ora
1149 1405 1368 1453 parentum

188 1475 284 1516 pars
308 1459 351 1500 in
373 1458 610 1515 praecipitis
635 1458 772 1500 fossas
798 1466 1000 1516 urguente
1024 1460 1144 1501 ruina

187 1521 386 1572 volvitur,
410 1520 594 1563 inmissis
617 1535 715 1577 pars
741 1535 865 1563 caeca
890 1528 930 1563 et
955 1522 1114 1563 concita
1138 1522 1266 1564 frenis

188 1584 335 1625 arietat
357 1583 398 1624 in
422 1589 564 1639 portas
590 1589 631 1624 et
655 1584 780 1625 duros
806 1583 924 1626 obice
948 1584 1093 1639 postis.
1582 1597 1649 1629 890

187 1646 304 1701 ipsae
329 1645 380 1687 de
404 1645 533 1687 muris
560 1660 723 1687 summo
749 1648 972 1688 certamine
997 1652 1168 1697 matres,
1195 1672 1250 1677 —

187 1713 389 1749 monstrat
415 1722 531 1749 amor
555 1722 678 1750 verus
701 1708 860 1763 patriae
884 1733 940 1739 —-
963 1714 1010 1750 ut
1034 1709 1174 1750 videre
1201 1707 1435 1759 Camillam,

188 1769 271 1811 tela
294 1785 422 1811 manu
446 1769 631 1825 trepidae
655 1771 830 1821 iaciunt,
857 1786 906 1813 ac
930 1770 1076 1813 robore
1102 1772 1206 1813 duro

189 1831 397 1887 stipitibus
422 1831 577 1873 ferrum
603 1832 859 1887 sudibusque
883 1833 1096 1875 imitantur
1119 1833 1278 1875 obustis

186 1893 451 1950 praecipites,
476 1894 716 1950 primaeque
740 1895 846 1937 mori
867 1910 944 1951 pro
968 1895 1185 1937 moenibus
1212 1895 1378 1937 audent.
1581 1907 1648 1939 895

243 1955 409 1998 Interea
432 1957 621 1998 Turnum
645 1957 689 1998 in
712 1958 827 2000 silvis
852 1958 1120 2000 saevissimus
1144 1958 1274 2013 inplet
1329 1970 1335 1977 ·

186 2019 355 2061 nuntius
381 2024 421 2060 et
444 2019 584 2061 iuveni
608 2020 820 2076 ingentem
843 2020 923 2062 fert
947 2020 1066 2062 Acca
1089 2021 1331 2062 tumultum}

186 2081 344 2124 deletas
370 2080 620 2124 Volscorum
645 2083 775 2134 acies,
801 2082 1002 2125 cecidisse
1028 2082 1262 2134 Camillam,

185 2144 378 2201 ingruere
401 2144 588 2186 infensos
613 2144 745 2187 hostis
772 2150 813 2186 et
834 2144 974 2187 Marte
999 2146 1182 2187 secundo

186 2207 326 2248 omnia
350 2207 615 2263 corripuisse,
640 2213 798 2249 metum
821 2207 905 2249 iam
929 2208 982 2249 ad
1005 2208 1170 2250 moenia
1193 2209 1303 2250 ferri.
1582 2221 1648 2252 900

186 2268 256 2310 ille
279 2267 421 2309 furens
447 2292 502 2298 —
526 2274 567 2309 et
591 2283 716 2310 saeva
739 2269 853 2311 Iovis
879 2269 939 2310 sic
962 2269 1132 2310 numina
1155 2276 1333 2324 poscunt
1357 2294 1413 2300 -—

188 2329 341 2372 deserit
363 2329 559 2372 obsessos
585 2330 730 2380 colles,
755 2344 926 2372 nemora
950 2344 1098 2385 aspera
1120 2330 1281 2384 linquit.

188 2391 260 2432 vix
283 2405 306 2433 e
331 2396 556 2446 conspectu
580 2391 736 2432 exierat
760 2405 1036 2447 campumque
1061 2391 1240 2442 tenebat,

188 2468 284 2495 cum
307 2459 426 2508 pater
449 2451 636 2503 Aeneas,
664 2452 795 2494 saltus
818 2452 1032 2509 ingressus
1058 2458 1234 2508 apertos,

188 2521 492 2570 exsuperatque
515 2514 662 2570 iugum
686 2512 872 2568 silvaque
898 2514 1036 2556 evadit
1059 2528 1201 2569 opaca.
1581 2527 1646 2559 905

190 2576 250 2618 sic
273 2576 397 2618 ambo
422 2576 476 2617 ad
499 2590 639 2617 muros
669 2575 803 2630 rapidi
826 2581 995 2630 totoque
1018 2575 1208 2617 feruntur

189 2638 373 2695 agmine,
399 2652 476 2680 nec
501 2637 636 2694 longis
660 2636 767 2678 inter
792 2651 836 2678 se
859 2636 1055 2692 passibus
1080 2636 1244 2688 absunt,
1307 2659 1310 2662 ⁴

189 2714 238 2741 ac
262 2699 386 2741 simul
408 2699 577 2741 Aeneas
602 2698 810 2740 fumantes
834 2699 1006 2754 pulvere
1030 2713 1199 2754 campos

187 2761 400 2817 prospexit
422 2761 546 2817 longe
571 2759 881 2814 Laurentiaque
906 2760 1072 2817 agmina
1095 2760 1210 2812 vidit,

260 2838 412 2873 Veryz'lius.
1270 2833 1291 2869 2
1300 2835 1318 2870 1
