1780 3074
570 296 870 336 GEORGICON
888 297 987 334 LIB.
1007 298 1072 335 lv.

135 421 285 463 vesper
306 405 379 448 ubi
403 420 426 448 e
450 411 574 461 pastu
598 403 766 446 tandem
790 402 991 445 decedere
1015 401 1174 458 campis
1252 412 1259 415 ⁷

135 468 368 519 admonuit,
394 475 482 510 tum
507 474 616 509 tecta.
639 471 806 522 petunt,
829 471 918 507 tum
942 479 1116 521 corpora
1139 469 1297 506 curant.

134 532 182 574 fit
206 531 385 580 sonitus,
410 535 684 583 mussantque
707 543 801 571 oras
826 534 868 570 et
889 527 1034 569 limina
1056 527 1225 569 circum.

134 600 249 665 post,
274 592 381 635 ubi
370 608 454 634 lam
478 591 670 633 thalamis
696 605 741 633 se
765 605 1040 646 conposuere,
1067 589 1212 632 siletur

135 656 179 698 in
202 661 386 706 noctem,
411 654 631 708 fessosque
657 668 782 708 sopor
806 668 908 694 suus
932 658 1110 708 occupat
1132 662 1260 694 artus.

135 733 213 760 nec
236 732 337 760 vero
362 733 388 759 a
411 716 586 758 stabulis
609 715 753 771 pluvia.
775 715 1027 771 inpendente
1050 714 1251 756 recedunt

139 780 307 836 longius
332 784 405 821 aut
428 778 601 820 credunt
625 776 740 819 caelo
764 775 1086 819 adventantibus
1112 777 1236 826 euris,

137 843 212 884 sed
236 842 392 883 circum
417 846 530 882 tutae
555 838 634 881 sub
658 838 878 881 moenibus
902 838 1018 880 urbis
1043 845 1262 893 aquantur,

137 916 422 957 excursusque
444 901 583 944 brevis
608 906 812 956 temptant
835 906 877 942 et
901 915 1026 956 saepe
1050 900 1227 956 lapillos,

136 972 183 1007 ut
207 964 382 1007 cumbae
406 963 622 1006 instabiles
646 962 777 1004 fluctu
799 962 978 1004 iactante
1004 962 1233 1013 saburram,

136 1027 304 1077 tollunt,
329 1026 394 1069 his
420 1040 513 1068 sese
536 1040 612 1081 per
634 1024 775 1066 inania
797 1024 942 1067 nubila
964 1024 1129 1067 librant.

136 1090 254 1131 illum
277 1088 382 1130 adeo
405 1087 615 1144 placuisse
639 1086 788 1143 apibus
814 1086 1018 1129 mirabere
1043 1102 1215 1138 morem,

138 1151 251 1206 quod
273 1165 410 1205 neque
434 1149 658 1192 concubitu
680 1149 917 1206 indulgent,
942 1164 1021 1191 nec
1045 1164 1219 1206 corpora
1243 1164 1395 1206 segnes

138 1214 183 1256 in
206 1213 415 1256 Venerem
440 1212 607 1255 solvunt
631 1218 702 1254 aut
726 1211 837 1254 fetus
862 1211 1031 1254 nixibus
1058 1213 1204 1254 edunt:

139 1291 284 1318 verum
307 1275 424 1331 ipsae
449 1290 471 1317 e
495 1274 606 1317 soliis
631 1281 750 1317 natos
776 1281 817 1316 et
841 1274 1040 1317 suavibus
1065 1274 1206 1317 herbis

140 1353 210 1380 ore
233 1338 396 1394 legunt,
420 1337 538 1393 ipsae
560 1352 704 1394 regem
725 1351 962 1393 parvosque
987 1336 1173 1391 Quirites

142 1400 372 1450 sufficiunt,
398 1399 598 1453 aulasque
623 1404 665 1440 et
688 1413 807 1441 cerea
830 1414 962 1456 regna
983 1400 1177 1456 refigunt.

142 1477 266 1518 saepe
291 1462 416 1504 etiam
439 1461 554 1503 duris
580 1461 754 1503 errando
778 1461 823 1502 in
846 1461 1009 1504 cotibus
1034 1462 1122 1504 alas

142 1525 335 1567 attrivere
359 1523 550 1578 ultroque
574 1524 756 1565 animam
781 1523 859 1566 sub
885 1523 1000 1566 fasce
1024 1524 1195 1566 dedere:

141 1593 281 1628 tantus
307 1601 423 1628 amor
445 1586 595 1628 florum
619 1591 661 1628 et
683 1587 911 1643 generandi
934 1586 1067 1643 gloria
1089 1587 1238 1628 mellis.

143 1664 243 1706 ergo
266 1649 381 1704 ipsas
406 1648 597 1703 quamvis
622 1648 791 1704 angusti
815 1649 1013 1691 terminus
1039 1650 1132 1691 aevi

144 1711 342 1767 excipiat;
366 1725 502 1765 neque
527 1711 638 1752 enim
662 1711 757 1767 plus
783 1711 961 1767 septima
984 1712 1150 1754 ducitur
1173 1718 1331 1762 aestas;

144 1781 187 1816 at
209 1788 343 1830 genus
366 1772 584 1815 inmortale
608 1779 767 1824 manet,
794 1773 1031 1829 multosque
1055 1789 1131 1830 per
1154 1789 1286 1816 annos

145 1842 227 1878 stat
250 1834 416 1877 fortuna
439 1835 588 1878 domus
613 1842 654 1878 et
677 1836 746 1878 avi
768 1842 1039 1878 numerantur
1064 1851 1250 1879 avorum.

144 1904 357 1955 praeterea
380 1912 524 1955 regem
547 1913 632 1940 non
657 1898 717 1940 sic
740 1897 966 1955 Aegyptus
991 1905 1032 1940 et
1054 1898 1205 1955 ingens

144 1961 305 2017 Lydia,
329 1974 407 2002 nec
429 1960 574 2016 populi
596 1960 848 2003 Parthorum
872 1967 946 2002 aut
967 1960 1124 2003 Medus
1148 1961 1378 2017 Hydaspes

146 2022 381 2065 observant.
405 2037 505 2079 rege
529 2022 728 2065 incolumi
751 2038 869 2065 mens
894 2022 1089 2066 omnibus
1112 2038 1198 2066 una
1221 2029 1304 2074 est;

147 2085 300 2127 amisso
322 2099 472 2140 rupere
494 2085 621 2127 fidem
645 2092 966 2141 constructaque
990 2085 1115 2128 mella

147 2147 353 2203 diripuere
375 2147 493 2203 ipsae
517 2153 558 2190 et
582 2148 706 2191 cratis
732 2148 893 2191 solvere
916 2148 1122 2191 favorum.

147 2209 216 2251 ille
241 2224 413 2265 operum
436 2215 596 2262 custos,
621 2210 739 2252 illum
762 2211 1020 2253 admirantur
1043 2218 1085 2254 et
1108 2226 1254 2254 omnes

149 2271 417 2313 circumstant
439 2271 608 2314 fremitu
632 2273 764 2315 denso
788 2273 1027 2328 stipantque
1051 2273 1305 2328 frequentes,

150 2340 193 2375 et
216 2347 341 2388 saepe
365 2333 557 2375 attollunt
579 2334 762 2377 humeris
787 2341 830 2377 et
853 2349 1026 2391 corpora
1050 2334 1160 2378 bello

151 2394 361 2437 obiectant
382 2395 682 2450 pulchramque
706 2402 854 2451 petunt
875 2411 951 2451 per
973 2397 1145 2439 volnera
1167 2403 1357 2439 mortem.

209 2457 293 2499 His
318 2456 489 2511 quidam
514 2457 646 2513 signis
670 2463 796 2511 atque
818 2457 924 2499 haec
947 2458 1140 2513 exempla
1164 2458 1298 2500 secuti

153 2533 246 2562 esse
270 2518 419 2574 apibus
443 2524 604 2574 partem
627 2519 793 2560 divinae
817 2519 967 2561 mentis
993 2525 1034 2561 et
1057 2519 1233 2561 haustus

153 2580 358 2623 aetherios
383 2581 525 2623 dixere
531 2597 543 2632 3
568 2581 694 2623 deum
717 2595 897 2635 namque
919 2581 980 2623 ire
1002 2596 1078 2637 per
1100 2582 1236 2624 omnis

154 2648 355 2685 terrarum
377 2649 616 2698 tractusque
639 2643 766 2685 maris
790 2637 1035 2698 caelum‘que
1057 2643 1325 2699 profundum.

155 2704 252 2747 hinc
274 2706 477 2761 pecudes,
502 2711 707 2756 armenta,
732 2705 863 2756 viros,
888 2720 1023 2762 genus
1047 2720 1171 2748 omne
1193 2705 1388 2757 ferarum,

157 2779 363 2821 quemque
387 2767 467 2810 sibi
490 2773 635 2810 tenues
659 2773 899 2810 nascentem
922 2782 1132 2810 arcessere
1154 2768 1282 2819 vitas;

1449 285 1502 328 77

1534 662 1599 694 190

1536 976 1601 1007 195

1537 1287 1603 1317 200

1540 1599 1605 1630 205

1541 1910 1607 1941 210

1543 2222 1609 2253 215

1545 2531 1611 2562 220
