1794 3048
392 284 445 325 32
792 291 833 326 P.
853 290 1082 327 VERGILII
1101 289 1323 326 MARONIS

392 408 486 434 ecee
511 392 724 446 supercilio
749 391 890 432 clivosi
914 390 1082 431 tramitis
1106 390 1257 430 undam

392 455 522 495 elicit?
545 455 614 494 illa
637 453 785 493 cadens
809 466 976 492 raucum
1000 465 1072 505 per
1094 451 1199 491 levia
1222 465 1402 492 murmur

305 529 367 558 110
393 531 492 557 saxa
515 516 610 563 ciet,
638 513 912 565 scatebrisque
936 513 1089 553 arentia
1111 518 1307 566 temperat
1330 527 1437 553 arva.

391 576 505 629 quid,
531 574 618 628 qui,
644 588 695 614 ne
719 573 898 628 gravidis
921 572 1160 627 procumbat
1184 572 1340 613 culmus
1366 572 1514 621 aristis,

390 636 589 676 luxuriem
614 640 799 689 segetum
822 639 960 675 tenera
983 633 1165 687 depascit
1187 633 1230 673 in
1252 632 1389 681 herba,

391 711 483 737 eum
506 696 683 750 primum
708 695 841 736 sulcos
866 700 1040 747 aequant
1064 693 1175 734 sata?
1197 693 1346 746 quique
1369 693 1528 747 paludis

392 757 604 798 collectum
627 756 838 796 humorem
861 755 999 796 bibula
1023 754 1185 795 deducit
1208 753 1354 794 arena?

305 831 365 859 115
390 817 627 871 praesertim
649 816 811 857 incertis
837 815 871 856 si
894 815 1102 856 mensibus
1126 814 1255 855 amnis
1281 813 1491 855 abundans

390 878 472 918 exit
495 883 536 918 et
558 876 732 918 obducto
755 876 835 916 late
859 881 968 916 tenet
991 875 1126 916 omnia
1147 874 1257 923 limo,

389 938 497 979 unde
521 951 644 978 cavae
668 937 804 991 tepido
829 936 976 977 sudant
997 935 1166 976 humore
1188 935 1368 975 lacunae.

445 998 531 1039 Nee
544 1004 691 1046 tamen,
710 997 811 1037 haec
829 1010 921 1037 cum
940 995 1020 1037 sint
1036 995 1325 1047 hominumque
1343 994 1547 1047 boumque
1564 994 1722 1035 labores

390 1058 590 1100 versando
615 1063 761 1098 terram
785 1056 956 1111 experti,
982 1055 1082 1096 nihil
1105 1054 1299 1109 inprobus
1325 1069 1443 1095 anser

304 1133 367 1162 1⁴20
394 1117 731 1172 Strymoniaeque
755 1132 877 1172 grues
902 1123 942 1158 et
965 1116 1111 1157 amaris
1135 1115 1263 1157 intiba
1285 1115 1397 1156 fibris

390 1179 574 1221 officiunt
597 1185 666 1219 aut
688 1178 832 1219 umbra
855 1183 983 1219 nocet.
1008 1183 1123 1231 pater
1144 1176 1233 1230 ipse
1257 1175 1415 1217 colendi

390 1240 500 1281 haud
522 1239 683 1280 facilem
708 1253 798 1280 esse
820 1239 930 1279 viam
953 1238 1096 1287 voluit,
1121 1237 1357 1291 primusque
1379 1249 1452 1290 per
1475 1241 1604 1276 artem

391 1300 517 1342 movit
541 1314 678 1355 agros,
704 1299 810 1340 curis
835 1313 984 1340 acuens
1009 1297 1192 1338 mortalia
1215 1297 1349 1345 corda,

391 1375 466 1402 nec
490 1367 646 1415 torpere
669 1360 784 1415 gravi
807 1374 954 1414 passus
980 1374 1054 1399 sua
1076 1373 1202 1413 regna
1224 1364 1403 1398 veterno.

306 1436 367 1465 125
392 1428 483 1462 ante
506 1421 648 1461 Iovem
670 1420 770 1460 nulli
794 1419 1038 1474 subigebant
1060 1433 1157 1459 arva
1181 1417 1330 1467 coloni3

391 1496 441 1522 ne
466 1481 626 1536 signare
650 1480 814 1534 quidem
838 1486 907 1520 aut
929 1478 1068 1534 partiri
1090 1478 1216 1519 limite
1240 1492 1429 1532 campum

393 1542 455 1583 fas
481 1547 582 1582 erat:
606 1541 650 1582 in
672 1541 852 1582 medium
875 1539 1139 1594 quaerebant,
1164 1539 1334 1592 ipsaque
1358 1537 1476 1578 tellus

392 1602 528 1643 omnia
550 1601 734 1651 liberius,
759 1601 869 1642 nullo
892 1605 1113 1654 poscente,
1127 1598 1294 1639 serebat.

391 1663 458 1704 ille
482 1662 635 1703 malum
658 1662 768 1702 virus
794 1660 1048 1715 serpentibus
1072 1659 1227 1700 addidit
1249 1658 1358 1707 atris,

307 1737 369 1766 130
393 1723 659 1777 praedarique
682 1723 802 1777 lupos
826 1722 961 1772 iussit,
986 1727 1234 1776 pontumque
1257 1719 1422 1768 moveri,

394 1783 595 1836 mellaque
619 1783 798 1824 decussit
820 1783 947 1832 foliis,
972 1783 1189 1837 ignemque
1212 1781 1394 1829 removit,

394 1849 434 1883 et
456 1843 610 1897 passim
632 1843 729 1884 rivis
755 1843 955 1884 currentia
978 1843 1074 1883 vina
1096 1841 1300 1896 repressit,

395 1910 440 1944 ut
461 1903 595 1944 varias
619 1918 718 1944 usus
742 1903 975 1944 meditando
999 1903 1237 1943 extunderet
1261 1907 1367 1942 artes

394 1963 604 2017 paullatim
628 1969 669 2004 et
692 1963 814 2004 sulcis
838 1962 1029 2005 frumenti
1053 1968 1263 2015 quaereret
1286 1960 1465 2010 herbam,

309 2037 369 2067 135
395 2030 440 2064 ut
464 2023 587 2064 silicis
611 2023 725 2064 venis
750 2023 982 2065 abstrusum
1006 2022 1222 2064 excuderet
1244 2021 1392 2076 ignem.

393 2090 489 2125 tunc
512 2084 626 2125 alnos
648 2084 824 2139 primum
847 2083 959 2125 fluvii
983 2097 1145 2124 sensere
1169 2088 1350 2131 cavatas;

393 2145 531 2185 navita
553 2150 640 2185 tum
665 2145 789 2186 stellis
813 2159 1002 2186 numeros
1027 2150 1066 2185 et
1089 2143 1252 2185 nomina
1275 2142 1382 2191 fecit,

393 2205 603 2255 Pleiadas,
627 2205 819 2260 Hyadas,
845 2205 1074 2259 claramque
1097 2203 1305 2258 Lycaonis
1328 2201 1496 2243 Arcton.

395 2273 481 2307 tum
503 2266 660 2319 laqueis
685 2272 846 2320 captare
869 2266 977 2307 feras
1002 2271 1042 2306 et
1064 2264 1204 2306 fallere
1226 2264 1339 2304 visco

308 2341 370 2371 140
393 2328 602 2368 inventum
626 2333 666 2368 et
687 2341 859 2382 magnos
884 2326 1051 2368 canibus
1076 2325 1324 2367 circumdare
1348 2323 1486 2365 saltus.

396 2394 516 2441 atque
539 2387 642 2429 alius
666 2387 794 2437 latum
815 2387 943 2428 funda
965 2387 1047 2428 iam
1069 2386 1254 2428 verberat
1277 2399 1437 2426 amnem
1461 2400 1469 2403 *

396 2450 478 2491 alta
499 2455 661 2504 petens,
685 2450 912 2505 pelagoque
936 2448 1039 2490 alius
1063 2448 1184 2489 trahit
1207 2446 1374 2487 humida
1395 2445 1489 2486 lina.

396 2516 483 2550 tum
506 2510 603 2551 ferri
624 2510 735 2565 rigor
757 2516 879 2563 atque
903 2515 1070 2564 argutae
1093 2508 1243 2549 lamina
1266 2520 1417 2554 serrae,
1442 2529 1495 2534 —

396 2585 491 2610 nam
513 2571 633 2624 primi
656 2570 794 2612 cuneis
819 2569 1057 2611 scindebant
1078 2568 1203 2610 fissile
1226 2567 1382 2622 lignum
1405 2590 1458 2595 —

312 2644 373 2674 145
397 2636 484 2670 tum
507 2631 642 2671 variae
665 2645 811 2672 venere
835 2636 953 2672 artes.
978 2630 1092 2671 labor
1114 2628 1250 2670 omnia
1271 2627 1368 2675 vicit

396 2690 588 2744 inprobus
613 2696 653 2731 et
676 2691 785 2732 duris
809 2705 987 2746 urguens
1011 2691 1053 2731 in
1074 2689 1196 2731 rebus
1220 2693 1391 2742 egestas.
