1820 3054
402 314 483 356 372
800 318 841 352 P.
861 315 1092 353 VERGILII
1111 313 1335 350 MARONIS

398 422 591 476 linquitur
614 425 706 461 ante
730 418 830 459 alias
854 417 975 471 longe
997 415 1231 471 gratissima
1251 414 1382 456 Delos

399 482 619 524 Nereidum
642 478 761 519 matri
785 484 826 519 et
847 477 1038 532 Neptuno
1061 476 1245 531 Aegaeo.

311 558 375 587 475
399 541 594 597 prospicit
616 539 834 580 incinctam
859 537 1064 593 spumanti
1085 537 1201 578 litore
1227 535 1421 591 Cythnon

397 614 744 653 marmoreamque
768 599 923 648 Paron,
948 598 1200 652 viridemque
1223 597 1392 652 adlapsa
1413 596 1631 655 Donysam

397 662 683 717 Aeginamque
708 659 829 701 simul
853 658 1235 711 sementiferamque
1261 655 1492 713 Seriphum.

398 723 526 763 fertur
549 728 589 762 et
612 720 776 762 incertis
799 720 973 761 iactatur
995 719 1048 760 ad
1071 719 1207 760 omnia
1229 718 1374 768 ventis,

398 782 546 838 cymba
569 782 698 831 velut,
724 795 896 836 magnas
922 780 1105 834 sequitur
1127 794 1221 821 cum
1243 778 1412 834 parvola
1435 778 1601 828 classes,

310 857 373 887 480
396 844 502 885 Afer
525 848 566 884 et
587 842 756 884 hiberno
779 841 1002 883 bacchatur
1023 841 1066 881 in
1089 854 1263 894 aequore
1287 839 1419 890 turbo,

398 905 528 945 donec
552 903 632 944 tale
656 903 781 944 decus
805 903 961 943 formae
985 901 1170 942 vexarier
1193 900 1343 956 Aegan

398 981 481 1007 non
504 965 615 1015 tulit,
641 971 681 1006 et
704 964 876 1006 miseros
899 964 1072 1005 mutavit
1093 963 1262 1018 virginis
1287 968 1398 1003 artus

400 1026 585 1067 caeruleo
608 1025 766 1080 pollens
791 1025 967 1066 coniunx
989 1024 1196 1079 Neptunia
1217 1037 1357 1079 regno.

401 1087 473 1128 sed
498 1093 634 1127 tamen
658 1091 866 1126 externam
891 1084 1072 1138 squamis
1096 1083 1245 1126 vestire
1267 1083 1457 1138 puellam,

309 1160 374 1191 485
399 1147 626 1200 infidosque
649 1146 754 1187 inter
777 1152 958 1187 teneram
981 1144 1230 1186 committere
1253 1144 1387 1199 pisces

396 1223 480 1249 non
504 1207 642 1249 statuit
659 1232 714 1237 -—
731 1207 900 1247 nimium
925 1212 987 1247 est
1010 1206 1175 1247 avidum
1199 1219 1325 1259 pecus
1349 1203 1621 1258 Amphitrites
1640 1227 1693 1232 —

400 1268 518 1309 aeriis
542 1267 679 1322 potius
705 1267 921 1308 sublimem
946 1266 1110 1307 sustulit
1133 1266 1221 1314 alis,

400 1334 508 1369 esset
531 1334 577 1369 ut
598 1328 643 1368 in
665 1327 780 1368 terris
806 1327 903 1368 facti
927 1327 977 1368 de
1001 1326 1163 1368 nomine
1188 1325 1294 1375 ciris,

400 1389 493 1429 ciris
517 1387 745 1442 Amyclaeo
769 1387 986 1429 formosior
1010 1401 1152 1428 ansere
1175 1386 1331 1427 Ledae.

310 1463 375 1493 490
398 1449 465 1489 hic
487 1448 600 1489 velut
624 1448 667 1488 in
689 1447 827 1497 niveo,
854 1454 967 1489 tener
990 1453 1051 1489 est
1076 1462 1169 1488 cum
1191 1447 1396 1502 primitus,
1422 1462 1500 1488 ovo

399 1509 559 1564 effigies
584 1508 801 1549 animantis
826 1515 866 1549 et
889 1508 1116 1550 internodia
1139 1507 1332 1549 membris

397 1570 622 1624 inperfecta
644 1583 753 1610 novo
777 1569 936 1610 fluitant
959 1575 1147 1610 concreta
1171 1569 1315 1617 calore,

399 1631 458 1672 sic
480 1630 635 1684 liquido
662 1628 825 1684 Scyllae
849 1629 1142 1670 circumfusum
1165 1643 1339 1682 aequore
1364 1643 1509 1683 corpus

401 1691 581 1732 semiferi
604 1690 768 1732 incertis
793 1689 915 1731 etiam
938 1704 1047 1731 nunc
1070 1689 1253 1744 partibus
1278 1695 1387 1730 artus

314 1766 378 1796 495
402 1752 582 1804 undique
605 1750 817 1792 mutabant
840 1756 961 1804 atque
985 1750 1165 1803 undique
1189 1749 1461 1791 mutabantur.

399 1813 479 1854 oris
504 1812 634 1853 honos
658 1812 834 1866 primum
859 1817 899 1852 et
921 1811 1059 1852 multis
1085 1816 1222 1865 optata
1244 1809 1393 1851 labella

401 1879 441 1913 et
464 1872 626 1926 patulae
650 1872 794 1912 frontis
820 1871 976 1926 species
1001 1885 1259 1912 concrescere
1282 1870 1325 1911 in
1347 1885 1474 1911 unum

401 1947 571 1987 coepere
596 1938 635 1973 et
658 1932 800 1987 gracili
823 1938 1005 1972 mentum
1028 1923 1251 1986 producere
1274 1937 1404 1972 rostro
1412 1947 1424 1980 3

401 1999 505 2042 tum,
531 2007 612 2046 qua
636 2007 680 2033 se
703 1992 882 2032 medium
908 1992 1050 2045 capitis
1076 1991 1294 2031 discrimen
1318 1990 1499 2045 agebat,-

312 2067 376 2097 500
401 2067 494 2094 ecce
517 2058 701 2106 repente,
725 2051 837 2092 velut
859 2052 1012 2106 patrios
1035 2051 1216 2091 imitatus
1239 2050 1427 2099 honores,

399 2113 615 2168 puniceam
640 2112 846 2153 concussit
868 2127 974 2167 apex
995 2112 1039 2152 in
1062 2111 1211 2152 vertice
1236 2110 1417 2160 cristam3

402 2180 443 2214 at
466 2173 599 2214 mollis
623 2173 757 2214 varios
781 2173 967 2213 intexens
990 2172 1130 2226 pluma
1154 2171 1308 2212 colores

403 2248 673 2275 marmoreum
696 2233 850 2275 volucri
873 2233 1038 2275 vestivit
1061 2232 1239 2287 tegmine
1263 2246 1424 2286 corpus,

401 2296 589 2348 lentaque
612 2300 829 2349 perpetuas
853 2293 1046 2334 fuderunt
1068 2292 1234 2334 brachia
1255 2307 1424 2347 pennas.

314 2370 376 2400 505
401 2356 495 2396 inde
519 2355 619 2396 alias
642 2361 778 2410 partes
803 2355 1007 2408 minioque
1030 2354 1182 2395 infecta
1204 2353 1365 2394 rubenti

402 2432 519 2458 crura
542 2431 650 2458 nova
672 2416 824 2458 macies
848 2415 1020 2458 obduxit
1044 2415 1229 2469 squalida
1250 2414 1369 2469 pelle,

403 2485 443 2519 et
465 2478 638 2533 pedibus
663 2477 812 2518 teneris
835 2491 995 2532 ungues
1020 2476 1162 2517 adfixit
1185 2481 1340 2517 acutos.

403 2545 443 2579 et
466 2545 602 2579 tamen
624 2538 703 2579 hoc
726 2538 891 2579 demum
914 2537 1085 2578 miserae
1110 2549 1343 2577 succurrere
1365 2540 1486 2590 pacto

403 2599 472 2639 vix
496 2599 628 2640 suerat
650 2599 812 2653 placida
833 2598 1014 2652 Neptuni
1038 2598 1210 2653 coniuge
1234 2598 1416 2652 dignum.

315 2673 379 2703 510
403 2674 626 2713 numquam
648 2660 760 2701 illam
782 2665 876 2714 post
898 2660 1001 2700 haec
1025 2659 1131 2701 oculi
1153 2659 1290 2712 videre
1315 2671 1480 2699 suorum

402 2735 626 2775 purpureas
653 2720 765 2761 salvo
789 2721 1026 2761 retinentem
1050 2719 1200 2760 vertice
1222 2719 1356 2767 vittas,
