1820 3080
283 590 346 619 600

280 891 342 921 0¹05

278 1195 342 1225 610

277 1499 339 1529 615

275 1805 338 1834 620

273 2110 336 2139 1525

272 2415 335 2445 6:30

272 2719 334 2749 635

377 284 459 327 250
776 293 817 326 Ρ.
835 290 1066 326 VERGILII
1083 290 1306 328 MARONIS

375 400 436 436 cst
458 394 603 449 ingens
627 392 808 447 gelidum
830 391 948 432 lucus
971 405 1097 446 prope
1124 391 1298 434 Caeritis
1323 409 1496 445 amnem,

372 455 566 510 religione
589 459 751 508 patrum
773 452 854 492 late
879 465 1010 502 sacer3
1034 452 1214 506 undique
1238 454 1362 496 colles

371 515 570 556 inclusere
595 513 685 554 cavi
708 518 748 553 et
771 512 889 568 nigra
911 526 1055 553 nemus
1080 513 1212 555 abiete
1237 514 1417 570 cingunt.

373 574 540 616 Silvano
563 572 674 614 fama
698 578 760 614 est
783 578 943 613 veteres
958 587 1141 615 sacrasse
1164 574 1378 631 Pelasgos,

369 649 557 676 arvorum
579 633 820 688 pecorisque
843 634 938 683 deo,
963 633 1182 688 lucumque
1206 635 1407 690 diemque,

368 696 438 748 qui
460 694 581 749 primi
603 694 704 736 fines
729 694 948 748 aliquando
971 694 1149 737 habuere
1173 696 1362 739 Latinos.

367 757 477 797 haud
499 755 640 811 procul
664 755 758 796 hinc
783 756 943 797 Tarcho
968 762 1008 797 et
1032 756 1233 811 Tyrrheni
1256 764 1344 799 tuta
1367 759 1558 801 tenebant

367 822 500 858 castra
521 816 641 866 locis,
668 816 858 870 celsoque
882 817 1014 858 omnis
1039 818 1089 858 de
1114 818 1216 859 colle
1240 819 1368 861 videri

366 878 448 919 iam
469 883 627 933 poterat
651 877 760 933 legio
784 884 824 919 et
846 878 938 919 latis
963 877 1155 920 tendebat
1177 879 1221 920 in
1244 881 1365 922 arvis.

366 939 446 980 huc
468 944 585 994 pater
606 938 773 980 Aeneas
798 945 838 980 et
859 938 968 980 bello
990 939 1096 980 lecta
1119 940 1309 982 iuventus

367 1000 608 1050 succedunt,
633 999 814 1053 fessique
840 1006 880 1041 et
903 1015 1030 1054 equos
1055 1006 1095 1042 et
1118 1015 1288 1056 corpora
1311 1010 1464 1044 curant.

422 1059 482 1101 At
502 1059 645 1102 Venus
671 1061 871 1102 aetherios
894 1061 999 1102 inter
1021 1062 1098 1103 dea
1122 1063 1294 1104 candida
1316 1063 1476 1105 nimbos

366 1122 473 1163 dona
496 1121 630 1163 ferens
656 1122 813 1172 aderat,
837 1128 1059 1176 natumque
1082 1123 1126 1164 in
1148 1123 1253 1165 valle
1276 1124 1445 1166 reducta

364 1188 410 1223 ut
432 1182 573 1237 procul
597 1188 638 1223 et
659 1183 796 1238 gelido
821 1189 1021 1224 secretum
1045 1184 1211 1225 flumine
1234 1185 1348 1234 vidit,

365 1242 514 1284 talibus
539 1242 678 1283 adfata
702 1249 764 1284 est
787 1243 925 1293 dictis,
951 1258 1075 1297 seque
1100 1244 1246 1286 obtulit
1267 1245 1392 1287 ultro:

367 1319 444 1354 „en
465 1303 647 1358 perfecta
670 1304 751 1344 mei
772 1305 975 1359 promissa
998 1305 1182 1360 coniugis
1207 1311 1292 1347 arte

363 1379 550 1414 munera3
573 1379 624 1405 ne
647 1380 744 1406 mox
768 1371 837 1406 aut
859 1366 1100 1416 Laurentis,
1125 1372 1237 1417 nate,
1264 1366 1474 1422 superbos,

364 1431 434 1466 aut
457 1440 592 1467 acrem
616 1426 775 1467 dubites
798 1427 842 1467 in
863 1427 1018 1481 proelia
1039 1442 1209 1482 poscere
1233 1427 1457 1470 Turnu1n.“

364 1486 466 1526 dixit
489 1491 529 1527 et
551 1486 764 1540 amplexus
788 1487 873 1528 nati
899 1487 1104 1543 Cytherea
1125 1489 1280 1543 petivit,

364 1562 477 1588 arma
501 1546 577 1588 sub
602 1547 776 1589 adversa
796 1549 935 1603 posuit
956 1550 1157 1590 radiantia
1180 1564 1344 1604 quercu.

365 1608 432 1648 ille
457 1608 558 1649 deae
582 1609 699 1650 donis
725 1615 766 1650 et
787 1616 900 1652 tanto
922 1610 1054 1652 laetus
1078 1611 1231 1653 honore
1411 1612 1414 1614 ’

363 1668 516 1723 expleri
538 1670 678 1724 nequit
701 1676 823 1724 atque
847 1671 986 1713 oculos
1009 1686 1083 1726 per
1106 1672 1268 1728 singula
1290 1673 1428 1723 volvit,

362 1731 609 1785 miraturque
633 1732 816 1786 interque
839 1748 984 1774 manus
1009 1740 1050 1774 et
1072 1733 1239 1776 brachia
1262 1741 1397 1776 versat

363 1792 582 1834 terribilem
606 1794 738 1836 cristis
761 1794 923 1850 galeam
945 1795 1212 1850 flammasque
1236 1803 1479 1847 vomentem,

362 1853 650 1907 fatiferumque
673 1868 832 1904 ensem,
857 1855 1025 1896 loricam
1049 1871 1100 1897 ex
1123 1871 1215 1898 aere
1237 1857 1450 1912 rigentem,

363 1914 646 1969 sanguineam,
671 1915 898 1970 ingentem,
923 1917 1054 1970 qualis
1079 1931 1174 1958 cum
1197 1918 1358 1959 caerula
1380 1917 1510 1959 nubes

363 1974 459 2016 solis
482 1975 699 2017 inardescit
722 1977 845 2017 radiis
868 1977 1070 2032 longeque
1093 1978 1270 2034 refulget
1276 1995 1288 2028 ;

362 2042 448 2076 tum
470 2035 572 2077 levis
597 2051 736 2078 ocreas
761 2037 909 2079 electro
933 2052 1112 2091 auroque
1135 2045 1309 2089 recocto,

359 2096 599 2150 hastamque
623 2103 663 2138 et
686 2098 805 2153 clipei
827 2112 910 2139 non
932 2098 1155 2140 enarrabile
1179 2105 1347 2140 textum.

359 2157 441 2199 illic
463 2172 528 2199 res
552 2158 679 2200 Italas
702 2158 1063 2214 Romanorumque
1086 2160 1325 2215 triumphos,

359 2218 469 2259 haud
491 2225 630 2260 vatum
653 2220 820 2275 ignarus
843 2220 1083 2274 venturique
1106 2220 1258 2264 inscius
1282 2221 1385 2271 aevi,

360 2279 511 2321 fecerat
533 2281 783 2336 ignipotens3
806 2282 889 2323 illic
910 2296 1041 2338 genus
1066 2297 1185 2324 omne
1210 2283 1370 2324 futurae

360 2341 495 2396 stirpis
520 2341 571 2383 ab
595 2341 779 2384 Ascanio
801 2349 1065 2399 pugnataque
1087 2343 1131 2384 in
1154 2344 1293 2385 ordine
1316 2343 1435 2386 bella.

359 2402 510 2443 fecerat
535 2408 574 2444 et
599 2403 716 2445 viridi
738 2403 864 2445 fetam
886 2403 1087 2446 Mavortis
1111 2405 1154 2446 in
1176 2411 1292 2446 antro

357 2463 624 2517 procubuisse
647 2464 805 2520 lupam3
829 2466 1015 2521 geminos
1039 2465 1134 2508 huic
1157 2465 1284 2508 ubera
1307 2466 1458 2507 circum

358 2524 496 2565 ludere
519 2525 733 2580 pendentis
756 2541 904 2581 pueros
929 2533 969 2568 et
990 2526 1170 2568 lambere
1192 2532 1362 2569 matrem

358 2585 570 2639 inpavidos
578 2603 590 2636 3
613 2586 725 2628 illam
749 2588 864 2630 tereti
888 2588 1045 2629 cervice
1068 2588 1261 2629 reflexam

358 2646 533 2688 mulcere
558 2647 733 2690 alternos
757 2654 798 2690 et
821 2664 991 2704 corpora
1013 2649 1166 2704 fingere
1190 2649 1342 2704 lingua.

357 2721 432 2748 nec
455 2708 597 2762 procul
620 2709 714 2751 hinc
736 2710 912 2752 Romam
935 2717 976 2752 et
998 2717 1133 2765 raptas
1159 2710 1245 2752 sine
1269 2724 1380 2751 more
1405 2708 1579 2751 Sabinas
