1748 3048
237 422 278 451 55

237 725 277 753 60

233 1875 271 1905 10

232 2181 268 2209 15

228 2484 267 2513 20

306 299 357 339 12
701 308 742 342 Ρ.
760 308 990 344 VERGILII
1008 306 1230 345 MARONIS

301 422 383 449 non
406 422 470 449 me
495 407 737 449 carminibus
762 408 895 448 vincet
917 422 992 448 nec
1016 407 1214 449 Thracius
1240 407 1445 463 Orpheus,

301 483 376 510 nec
398 469 550 509 Linus:
574 469 669 509 huic
692 474 820 508 mater
843 468 1028 520 quamvis
1052 474 1173 521 atque
1196 469 1291 510 huic
1313 476 1427 524 pater
1449 471 1566 520 adsit,

303 527 436 583 Orphi
461 528 687 582 Calliopea,
711 528 820 568 Lino
844 527 1047 569 formosus
1071 527 1234 582 Apollo.

299 590 390 630 Pan
414 590 551 638 etiam,
576 588 756 629 Arcadia
778 602 939 629 mecum
963 589 998 630 si
1019 589 1152 630 iudice
1176 596 1312 639 certet,

300 650 390 691 Pan
414 650 534 690 etiam
557 649 736 690 Arcadia
759 650 866 690 dicat
890 664 933 690 se
955 650 1088 691 iudice
1111 650 1275 691 victum.

301 711 451 764 incipe,
475 724 600 764 parve
623 724 742 764 puer,
766 710 852 751 risu
875 725 1120 765 cognoscere
1143 717 1330 752 matrem:

299 772 417 812 matri
439 771 562 826 longa
584 772 725 812 decem
748 772 925 812 tulerunt
947 772 1110 813 fastidia
1133 787 1306 814 menses.

298 832 449 886 incipe,
473 846 597 886 parve
619 846 737 886 puer:
762 833 828 873 cui
851 847 933 873 non
955 833 1080 874 risere
1103 839 1304 887 parentes,

299 907 381 933 non
404 893 504 933 deus
528 892 636 934 hunc
658 907 816 942 mensa,
841 893 917 934 dea
939 907 1015 934 nec
1037 893 1203 948 dignata
1225 894 1348 935 cubili
1371 901 1443 935 est.

936 1070 989 1112 V.

630 1189 978 1228 MENALOAS.
1035 1188 1292 1228 MOPSUS.

355 1317 442 1359 Cur
463 1332 562 1367 non,
587 1317 754 1372 Mopse,
778 1317 875 1359 boni
897 1319 1088 1371 quoniam
1112 1318 1373 1360 convenimus
1399 1319 1531 1368 ambo,

297 1384 342 1418 tu
365 1378 541 1420 calamos
566 1379 706 1419 inflare
727 1379 858 1428 leves,
884 1393 962 1434 ego
986 1379 1118 1420 dicere
1142 1393 1298 1428 versus,

297 1438 363 1479 hic
386 1439 532 1492 corylis
555 1439 703 1480 mixtas
726 1439 830 1479 inter
853 1440 1101 1480 considimus
1125 1439 1280 1480 ulmos?

295 1499 383 1540 Mo.
415 1499 481 1540 Tu
503 1499 649 1540 maior:
674 1499 747 1541 tibi
770 1513 835 1540 me
859 1505 922 1540 est
944 1514 1119 1553 aequum
1141 1513 1300 1554 parere,
1327 1501 1526 1549 Menalca,

297 1560 383 1600 sive
407 1560 483 1601 sub
506 1560 679 1602 incertas
704 1560 892 1614 zephyris
916 1559 1165 1601 mutantibus
1187 1560 1367 1610 umbras,

296 1620 382 1661 sive
407 1626 520 1661 antro
542 1621 677 1675 potius
703 1621 970 1662 succedimus.
996 1621 1150 1675 aspice,
1174 1626 1220 1661 ut
1243 1627 1401 1661 antrum

296 1680 490 1722 silvestris
514 1681 614 1722 raris
639 1682 787 1735 sparsit
809 1681 998 1722 labrusca
1019 1681 1202 1722 racemis.

294 1741 379 1782 Me.
410 1741 623 1783 Montibus
647 1742 690 1782 in
712 1742 862 1783 nostris
887 1742 998 1783 solus
1023 1741 1097 1783 tibi
1120 1746 1245 1783 certat
1266 1740 1484 1796 Amyntas.

294 1801 381 1842 Mo.
413 1801 543 1854 Quid,
575 1802 611 1843 si
633 1802 743 1843 idem
767 1808 892 1843 certet
915 1802 1130 1843 Phoebum
1154 1816 1344 1856 superare
1368 1804 1574 1845 canendo?

296 1861 381 1902 Me.
411 1861 570 1916 Incipe,
595 1862 763 1916 Mopse,
787 1863 914 1916 prior,
941 1863 976 1904 si
999 1877 1102 1915 quos
1126 1868 1196 1903 aut
1218 1862 1419 1916 Phyllidis
1442 1864 1571 1919 ignes,

294 1928 363 1963 aut
384 1921 555 1964 Alconis
578 1922 704 1964 habes
730 1923 890 1972 laudes,
916 1929 986 1964 aut
1007 1923 1139 1978 iurgia
1164 1922 1301 1964 Codri.

293 1983 442 2037 incipe:
466 1983 670 2037 pascentis
696 1983 873 2024 servabit
896 1983 1062 2037 Tityrus
1086 1983 1251 2024 haedos.

293 2043 380 2085 Mo.
409 2043 543 2085 Immo
566 2043 685 2093 haec,
709 2044 753 2084 in
775 2044 894 2085 viridi
915 2058 1045 2098 nuper
1067 2058 1172 2096 quae
1195 2044 1342 2085 cortice
1365 2043 1452 2099 fagi

294 2105 472 2145 carmina
494 2104 692 2159 descripsi
715 2110 755 2145 et
777 2104 989 2146 modulans
1014 2104 1169 2145 alterna
1190 2105 1339 2153 notavi,

293 2165 493 2219 experiar:
517 2170 562 2206 tu
584 2165 730 2206 deinde
753 2165 890 2206 iubeto
913 2171 958 2206 ut
981 2170 1106 2206 certet
1127 2163 1344 2219 Amyntas.

291 2225 377 2267 Me.
406 2226 544 2267 Lenta
567 2226 671 2267 salix
694 2231 892 2279 quantum
913 2225 1080 2280 pallenti
1103 2225 1211 2266 cedit
1234 2225 1377 2275 olivae,

290 2287 473 2341 puniceis
495 2287 660 2328 humilis
684 2293 880 2341 quantum
904 2287 1085 2328 saliunca
1106 2285 1264 2336 rosetis,

290 2347 439 2389 iudicio
462 2353 600 2389 nostro
623 2353 781 2389 tantum
803 2348 875 2389 tibi
899 2348 1006 2389 cedit
1027 2346 1245 2402 Amyntas.

290 2407 377 2450 Mo.
410 2407 496 2450 Sed
518 2414 564 2450 tu
586 2409 726 2450 desine
748 2409 883 2463 plura,
907 2422 1026 2463 puers
1053 2408 1324 2449 successimus
1350 2414 1476 2450 antro.

345 2469 607 2511 Exstinctum
628 2470 842 2524 Nymphae
866 2469 1018 2511 crudeli
1040 2469 1182 2510 funere
1204 2469 1418 2523 Daphnim

292 2530 460 2572 flebant:
485 2545 558 2572 vos
583 2531 710 2586 coryli
732 2536 856 2572 testes
881 2536 921 2572 et
942 2530 1111 2571 flumina
1132 2529 1353 2584 Nymphis3

292 2605 385 2631 cum
408 2591 605 2646 conplexa
628 2592 692 2633 sui
714 2606 860 2646 corpus
884 2590 1113 2632 miserabile
1135 2590 1221 2631 nati

292 2657 411 2704 atque
435 2652 534 2692 deos
558 2658 680 2705 atque
704 2659 812 2694 astra
834 2658 953 2694 vocat
975 2652 1153 2693 crudelia
1175 2655 1313 2692 mater.

290 2727 372 2753 non
394 2712 466 2753 ulli
488 2718 627 2765 pastos
651 2713 730 2755 illis
754 2728 873 2768 egere
897 2713 1040 2755 diebus
