1820 3054
310 520 374 550 925

305 820 369 851 930

305 1124 367 1156 935

303 1429 366 1459 940

299 1732 363 1763 945

298 2035 362 2065 950

403 277 484 318 346
803 285 845 318 P.
865 283 1096 319 VERGILII
1115 282 1339 320 MARONIS

400 386 617 427 dissultant
640 384 829 438 crepitus.
855 384 965 424 volat
988 383 1064 423 atri
1088 382 1259 425 turbinis
1283 384 1411 426 instar

383 446 567 495 ‚exitium
591 445 723 485 dirum
747 444 867 485 hasta
890 444 1045 494 ferens,
1070 458 1244 498 orasque
1266 445 1438 487 recludit

396 506 545 547 loricae
570 511 610 546 et
633 504 753 559 clipei
776 510 979 546 extremos
1005 505 1279 560 septemplicis
1304 506 1435 548 orbes.

395 581 469 621 per
491 566 671 607 medium
696 565 870 607 stridens
895 565 1041 607 transit
1063 565 1208 608 femur.
1233 567 1375 608 incidit
1397 568 1503 610 ictus

394 627 539 682 ingens
565 627 617 667 ad
641 632 788 667 terram
812 626 1017 681 duplicato
1040 627 1193 682 poplite
1217 627 1395 670 Turnus.

395 692 646 742 consurgunt
668 687 826 742 gemitu
847 687 1010 737 Rutuli,
1036 694 1226 742 totusque
1249 689 1424 744 remugit

393 762 509 789 mons
535 748 687 789 circum
711 754 751 789 et
773 762 918 789 vocem
940 748 1021 790 late
1043 763 1211 790 nemora
1233 749 1316 791 alta
1336 750 1557 792 remittunt.

392 808 459 849 ille
482 808 647 850 humilis
673 809 926 864 supplexque
950 809 1088 851 oculos
1114 810 1380 864 dextramque
1403 818 1635 866 precantem

391 869 637 924 protendens
665 870 881 923 „equidem
903 870 1051 920 merui,
1075 885 1152 912 nec
1175 871 1394 926 deprecor“
1420 872 1568 927 inquit;

394 936 532 979 „utere
558 936 665 971 sorte
689 935 771 971 tua.
795 930 934 972 miseri
958 937 997 972 te
1022 931 1056 972 si
1079 945 1161 985 qua
1183 932 1362 986 parentis

390 996 558 1046 tangere
581 1005 678 1032 cura
700 997 854 1046 potest,
880 1006 970 1042 oro,
995 1017 1050 1023 —
1074 992 1152 1033 fuit
1174 998 1216 1034 et
1238 992 1312 1034 tibi
1335 993 1427 1035 talis

390 1050 596 1093 Anchises
620 1052 780 1107 genitor
801 1076 855 1083 —
878 1051 1021 1094 Dauni
1043 1053 1235 1094 miserere
1260 1059 1459 1103 senectae,

391 1118 432 1153 et
454 1126 538 1162 me,
565 1126 639 1153 seu
663 1126 810 1167 corpus
836 1113 1054 1168 spoliatum
1075 1113 1229 1154 lumine
1252 1114 1397 1164 mavis,

390 1173 515 1214 redde
539 1173 655 1215 meis.
679 1173 814 1215 vicisti
838 1179 879 1215 et
900 1174 1055 1216 victum
1078 1174 1244 1216 tendere
1266 1175 1425 1229 palmas

390 1233 568 1275 Ausonii
590 1233 741 1275 videre.
766 1240 838 1275 tua
861 1241 925 1276 est
946 1235 1125 1276 Lavinia
1148 1235 1345 1276 coniunx:

389 1294 557 1335 ulterius
581 1309 633 1336 ne
657 1295 778 1336 tende
802 1295 946 1337 odiis.“
973 1295 1085 1337 stetit
1107 1309 1201 1337 acer
1222 1295 1266 1336 in
1289 1295 1412 1337 armis

388 1353 554 1396 Aeneas
578 1355 747 1397 volvens
772 1356 931 1406 oculos,
957 1356 1226 1410 dextramque
1249 1356 1461 1411 repressit3

391 1421 431 1456 et
453 1415 535 1456 iam
558 1415 722 1469 iamque
745 1417 878 1472 magis
903 1422 1162 1458 cunctantem
1185 1417 1347 1459 flectere
1371 1432 1505 1460 sermo

392 1482 597 1530 coeperat,
623 1476 766 1518 infelix
788 1477 959 1519 humero
983 1493 1077 1518 cum
1101 1478 1288 1532 adparuit
1310 1478 1392 1519 alto

390 1536 548 1578 balteus
573 1542 614 1578 et
635 1537 743 1579 notis
767 1537 970 1580 fulserunt
993 1538 1158 1594 cingula
1180 1538 1302 1580 bullis

390 1596 590 1640 Pallantis
614 1598 749 1653 pueri,
774 1599 929 1641 victum
952 1614 1075 1653 quem
1098 1600 1262 1641 volnere
1287 1599 1452 1642 Turnus

389 1664 588 1699 straverat
611 1665 732 1713 atque
755 1660 936 1702 humeris
959 1661 1170 1702 inimicum
1192 1661 1352 1716 insigne
1375 1660 1554 1717 gerebat.

387 1719 474 1769 ille,
500 1720 627 1761 oculis
650 1727 871 1775 postquam
895 1722 1007 1770 saevi
1029 1728 1293 1764 monumenta
1316 1722 1467 1764 doloris

387 1781 638 1834 exuviasque
661 1782 814 1832 hausit,
839 1782 957 1824 furiis
982 1798 1178 1825 accensus
1203 1789 1243 1825 et
1265 1783 1326 1825 ira

387 1841 596 1882 terribilis:
624 1848 746 1892 „tune
769 1843 865 1884 hinc
889 1844 1030 1898 spoliis
1053 1844 1194 1885 indute
1217 1859 1400 1886 meorum

388 1902 559 1956 eripiare
582 1902 707 1944 mihi?
729 1903 868 1945 Pallas
892 1910 931 1945 te
955 1904 1034 1946 hoc
1057 1905 1240 1955 volnere,
1265 1905 1404 1946 Pallas

386 1962 557 2004 inmolat
580 1969 620 2004 et
641 1978 817 2018 poenam
842 1965 1037 2007 scelerato
1061 1980 1113 2006 ex
1137 1966 1335 2020 sanguine
1360 1966 1522 2007 sumit.“

385 2022 463 2064 hoc
487 2023 626 2065 dicens
650 2024 803 2066 ferrum
827 2025 1000 2067 adverso
1023 2026 1100 2067 sub
1123 2032 1286 2081 pectore
1310 2027 1448 2067 condit

384 2084 579 2126 fervidus.
605 2091 670 2127 ast
691 2085 750 2126 illi
773 2086 986 2128 solvuntur
1008 2087 1160 2142 frigore
1183 2086 1377 2136 membra,

383 2145 546 2199 vitaque
571 2159 665 2187 cum
688 2147 844 2202 gemitu
867 2147 975 2203 fugit
996 2147 1208 2203 indignata
1232 2147 1308 2189 sub
1332 2146 1510 2189 umbras.
