1794 3048
336 297 418 339 206
738 306 780 341 Ρ.
798 305 1029 342 VERGILH
1046 304 1270 341 MARONIS

245 420 308 450 615
332 421 455 460 quam
479 421 670 461 poenam,
695 411 766 446 aut
789 419 894 459 quae
917 405 1050 447 forma
1071 405 1180 447 viros
1204 405 1418 447 fortunave
1441 407 1592 447 mersit.

332 483 477 509 saxum
501 468 645 522 ingens
669 466 839 508 volvunt
861 466 949 516 alii,
972 467 1178 520 radiisque
1200 472 1379 508 rotarum

332 528 512 569 destricti
536 527 732 582 pcndent3
757 528 872 569 sedet
894 534 1184 582 aeternumque
1209 526 1367 569 sedebit

330 589 474 630 infelix
498 588 704 638 Theseus,
729 588 1021 644 Phlegyasque
1044 589 1294 631 miserrimus
1318 589 1450 630 omnis

331 650 521 691 admonet
546 656 584 690 et
608 664 758 704 magna
781 655 952 691 testatur
974 664 1076 692 voce
1099 664 1173 705 per
1195 649 1378 692 umbras:

243 724 307 755 620
331 710 488 760 ,discite
512 710 708 751 iustitiam
731 710 874 752 moniti
898 717 938 752 et
960 726 1043 752 non
1066 717 1245 753 temnere
1269 711 1414 753 divos.‘

330 771 511 812 vendidit
534 771 600 812 hic
625 786 724 813 auro
746 771 939 827 patriam,
965 772 1255 825 dominumque
1277 777 1485 827 potentem

328 832 527 889 inposuit3
552 832 640 873 fix'it
663 832 776 888 leges
800 833 930 888 pretio
954 839 1076 887 atque
1099 832 1251 883 refixit3

329 895 395 936 hic
419 893 643 935 thalamum
665 894 815 935 invasit
838 900 957 935 natae
980 894 1208 948 vetitosque
1231 894 1499 949 hymenaeos3

331 955 422 997 ausi
445 969 587 996 omnes
611 954 774 996 inmane
798 955 934 1006 nefas,
959 970 1142 1009 ausoque
1165 955 1295 1011 potiti.

242 1031 306 1061 625
330 1031 412 1059 non
436 1015 537 1056 mihi
561 1015 596 1057 si
617 1015 782 1071 linguae
807 1022 970 1057 centum
994 1017 1075 1058 sint
1098 1031 1250 1070 oraque
1274 1021 1450 1066 centum,

330 1078 462 1119 ferrea
484 1091 584 1126 vox,
610 1076 743 1118 omnis
768 1077 967 1118 scelerum
991 1078 1266 1132 conprendere
1290 1077 1455 1127 formas,

331 1139 468 1180 omnia
490 1152 715 1193 poenarum
738 1152 971 1192 percurrere
994 1138 1160 1179 nomina
1182 1138 1378 1193 possim.“

386 1199 505 1241 Haec
527 1198 599 1241 ubi
622 1199 731 1241 dieta
754 1200 866 1241 dedit
888 1198 1049 1241 Phoebi
1070 1199 1272 1254 longaeva
1297 1198 1499 1248 sacerdos,

333 1261 433 1312 „sed
456 1260 539 1301 iam
563 1274 659 1315 age,
685 1274 806 1315 carpe
830 1260 941 1301 viam
964 1266 1005 1301 et
1028 1267 1266 1314 susceptum
1287 1260 1437 1314 perfice
1459 1274 1629 1306 munus;

243 1336 306 1366 630
330 1321 654 1370 adceleremus‚“
680 1321 754 1371 ait3
782 1319 1039 1375 „Cyclopum
1062 1321 1208 1362 educta
1232 1320 1402 1362 caminis

330 1382 493 1424 moenia
516 1381 723 1436 conspicio
747 1387 869 1435 atque
893 1381 1065 1422 adverso
1089 1380 1243 1422 fornice
1266 1391 1419 1435 portas,

330 1443 433 1484 haec
455 1442 527 1484 ubi
549 1457 624 1483 nos
647 1448 865 1497 praecepta
887 1441 1028 1483 iubent
1051 1442 1254 1497 deponere
1278 1442 1423 1484 dona.“

332 1505 509 1553 dixerat,
536 1509 576 1545 et
597 1503 750 1558 pariter
772 1503 906 1559 gressi
927 1517 1002 1558 per
1024 1518 1152 1558 opaca
1173 1503 1332 1544 viarum

333 1565 555 1620 corripiunt
579 1565 755 1620 spatium
779 1565 978 1615 medium,
1003 1564 1242 1618 foribusque
1265 1565 1550 1619 propinquant.

245 1642 307 1671 635
333 1633 506 1681 occupat
528 1626 695 1668 Aeneas
720 1626 894 1676 aditum,
921 1640 1150 1681 corpusque
1172 1625 1326 1667 recenti

332 1687 488 1743 spargit
510 1701 634 1741 aqua,
659 1701 899 1741 ramumque
923 1687 1095 1728 adverso
1118 1686 1162 1728 in
1183 1686 1320 1727 limine
1344 1686 1444 1741 figit.

387 1748 468 1790 His
493 1748 659 1790 demum
683 1748 856 1798 exactis,
879 1747 1062 1803 perfecto
1085 1762 1251 1789 munere
1268 1747 1406 1797 -divae,

331 1810 531 1851 devenere
554 1809 666 1851 locos
690 1809 818 1851 laetos
843 1815 884 1851 et
906 1824 1078 1851 amoena
1100 1809 1252 1850 virecta

331 1872 629 1913 fortunatorum
652 1885 864 1913 nemorum
888 1871 1089 1924 sedesque
1112 1870 1267 1912 beatas.

244 1945 308 1976 640
332 1933 482 1988 largior
504 1932 570 1973 hic
594 1946 759 1987 campos
784 1932 924 1973 aether
947 1938 987 1974 et
1009 1932 1162 1973 lumine
1185 1931 1308 1973 vestit

330 2007 555 2048 purpureo,
582 1993 790 2046 solemque
815 2008 953 2042 suum,
980 2007 1055 2034 sua
1079 1993 1212 2033 sidera
1234 1997 1395 2032 norunt.

331 2069 426 2110 pars
451 2054 493 2095 in
516 2054 735 2109 gramineis
762 2059 952 2095 exercent
974 2052 1158 2094 membra
1179 2052 1404 2107 palaestris,

331 2115 582 2157 contendunt
605 2114 702 2156 ludo
726 2120 767 2156 et
789 2114 904 2156 fulva
925 2114 1130 2156 luctantur
1153 2128 1288 2162 arena,

330 2191 425 2232 pars
449 2174 623 2231 pedibus
647 2175 849 2230 plaudunt
871 2175 1040 2217 choreas
1065 2180 1106 2216 et
1129 2174 1308 2215 carmina
1331 2173 1482 2214 dicunt.

244 2253 308 2283 645
331 2252 408 2279 nec
431 2253 514 2279 non
538 2237 752 2278 Threicius
776 2236 901 2291 longa
924 2251 1017 2278 cum
1040 2241 1154 2277 veste
1180 2234 1369 2276 sacerdos

332 2298 564 2352 obloquitur
587 2298 765 2339 numeris
791 2304 948 2352 septem
972 2296 1207 2338 discrimina
1229 2309 1390 2345 vocum,

331 2360 494 2414 iamque
519 2359 663 2401 eadem
686 2359 842 2414 digitis,
867 2359 950 2400 iam
972 2358 1134 2413 pectine
1156 2357 1293 2412 puisat
1317 2356 1484 2398 eburno.

332 2421 399 2462 hic
422 2436 552 2477 genus
578 2420 790 2475 antiquum
815 2420 983 2469 Teucri,
1008 2418 1281 2474 pulcherrima
1303 2417 1452 2472 proles,

333 2483 584 2539 magnanimi
607 2483 770 2532 heroes,
797 2482 882 2523 nati
904 2481 1141 2523 melioribus
1166 2480 1296 2530 annis,

245 2558 310 2588 650
332 2544 503 2598 Ilusque
526 2542 842 2597 Assaracusque
866 2549 907 2584 et
931 2543 1078 2584 Troiae
1101 2541 1322 2583 Dardanus
1347 2545 1497 2581 auctor.

333 2620 447 2646 arma
468 2604 610 2660 procu]
635 2618 857 2658 currusque
881 2604 1014 2645 virum
1037 2603 1234 2644 mirantur
1256 2600 1400 2642 inanis.

334 2672 441 2706 stant
465 2672 571 2707 terra
594 2665 753 2707 defixae
775 2665 937 2715 hastae,
960 2664 1197 2719 passimque
1221 2661 1342 2704 soluti

332 2740 407 2780 per
429 2740 618 2780 campum
641 2731 864 2781 pascuntur
887 2725 992 2779 equi.
1018 2738 1123 2778 quae
1146 2722 1277 2778 gratia
1300 2734 1490 2762 curruum
