1780 3074
0 2600 12 2647 ’ἣν
0 2454 19 2586 &bv-'Tur
0 2433 6 2448 ’·
0 2418 2 2422 ⁴
0 2396 4 2405 '
0 2371 3 2374 ’

550 291 850 330 GEORGICON
871 292 970 329 LIB.
991 293 1020 328 Ι.
1411 282 1465 323 41

97 399 259 442 lucidus
284 397 396 440 orbis
421 398 516 448 erit,
542 397 697 439 frustra
720 396 926 439 terrebere
949 395 1114 447 nimbis,

97 469 137 504 et
162 462 273 504 claro
299 460 426 503 silvas
452 475 596 502 cernes
621 459 814 514 aquilone
837 459 1008 502 moveri.

96 524 294 579 denique,
319 523 421 578 quid
443 537 595 579 vesper
618 537 736 565 serus
761 523 886 574 ferat,
911 523 1021 565 unde
1046 537 1214 566 serenas

96 593 246 629 ventus
272 592 371 642 agat
394 585 548 636 nubes,
573 585 675 640 quid
699 585 855 642 cogitet
876 585 1075 627 humidus
1100 591 1253 636 auster,

98 649 161 691 sol
184 648 260 691 tibi
284 648 405 704 signa
428 647 555 690 dabit.
582 647 712 689 solem
736 647 831 702 quis
856 647 994 689 dicere
1018 647 1174 689 falsum

97 711 274 754 audeat?
297 710 366 752 ille
391 709 516 752 etiam
540 724 687 751 caecos
711 709 866 751 instare
890 709 1093 751 tumultus

99 788 224 829 saepe
248 778 407 822 monet,
433 771 708 825 fraudemque
733 778 774 813 et
798 777 942 827 operta
966 778 1198 814 tumescere
1223 771 1345 814 bella.

97 836 167 878 ille
191 835 316 877 etiam
339 833 544 876 exstincto
568 833 790 875 miseratus
817 832 1000 876 Caesare
1024 834 1218 885 Romam,

99 913 195 941 cum
219 902 343 953 caput
367 895 547 938 obscura
569 895 746 936 nitidum
770 895 982 952 ferrugine
1007 896 1122 946 texit,

99 960 296 1016 inpiaque
323 964 535 1001 aeternam
558 957 784 999 timuerunt
808 957 976 999 saecula
999 964 1178 1000 noctem.

99 1030 284 1079 tempore
309 1035 562 1076 quamquam
585 1020 656 1062 illo
682 1020 804 1062 tellus
829 1035 997 1075 quoque
1022 1027 1063 1062 et
1087 1035 1269 1076 aequora
1291 1021 1420 1077 ponti,

100 1085 389 1139 obscenaeque
413 1098 537 1126 canes
562 1083 892 1139 inportunaeque
917 1083 1109 1125 volucres

99 1149 222 1206 signa
245 1146 412 1189 dabant.
438 1146 630 1201 quotiens
657 1145 890 1202 Cyclopum
915 1146 1115 1189 effervere
1138 1146 1183 1188 in
1206 1161 1330 1203 agros

99 1211 280 1253 vidimus
304 1209 532 1251 undantem
555 1209 688 1264 ruptis
713 1208 953 1252 fornacibus
977 1207 1176 1260 Aetnam,

99 1274 444 1328 flammarumque
468 1271 617 1329 globos
641 1272 950 1327 liquefactaque
973 1272 1143 1315 volvere
1168 1271 1288 1315 saxa!

101 1352 312 1380 armorum
337 1335 518 1378 sonitum
543 1341 630 1378 toto
657 1333 884 1378 Germania
907 1335 1024 1378 caelo

101 1399 250 1450 audiit3
274 1397 450 1440 insolitis
475 1404 731 1440 tremuerunt
753 1397 935 1441 motibus
959 1397 1108 1455 Alpes.

101 1477 185 1505 vox
210 1475 378 1516 quoque
402 1475 478 1516 per
500 1460 616 1502 lucos
639 1460 764 1517 volgo
790 1461 986 1503 exaudita
1010 1461 1178 1504 silentes

102 1524 270 1581 ingens,
297 1530 338 1565 et
363 1523 584 1565 simulacra
607 1524 742 1565 modis
766 1523 965 1579 pallentia
987 1524 1103 1566 miris

102 1587 194 1629 visa
217 1585 296 1629 sub
320 1585 547 1628 obscurum
569 1586 724 1637 noctis;
748 1587 1016 1642 pecudesque
1040 1586 1216 1637 locu'tae,

101 1648 339 1691 infandum!
367 1648 519 1690 sistunt
544 1663 707 1699 amnes,
733 1654 949 1704 terraeque
974 1649 1206 1699 dehiscunt,

103 1718 143 1754 et
166 1717 374 1753 maestum
396 1711 630 1752 inlacrimat
653 1711 818 1767 templis
845 1711 966 1762 ebur,
992 1726 1171 1766 aeraque
1197 1711 1360 1753 sudant.

102 1774 256 1829 proluit
278 1773 426 1816 insano
451 1780 728 1828 contorquens
752 1774 908 1816 vertice
933 1774 1059 1816 silvas

103 1836 324 1879 fluviorum
348 1850 423 1878 rex
445 1835 678 1887 Eridanus,
704 1851 958 1892 camposque
981 1851 1057 1892 per
1080 1851 1225 1878 omnes

104 1914 202 1942 cum
225 1898 399 1941 stabulis
425 1904 613 1940 armenta
635 1898 742 1940 tulit.
766 1913 844 1940 nec
869 1905 1054 1954 tempore
1079 1899 1226 1941 eodem

103 1960 289 2004 tristibus
314 1966 386 2002 aut
409 1961 516 2003 extis
532 1960 670 2002 'fibrae
695 1960 894 2016 adparere
919 1961 1118 2012 minaces,

104 2030 177 2066 aut
198 2023 335 2079 puteis
358 2037 528 2066 manare
552 2037 675 2065 cruor
697 2023 878 2065 cessavit
902 2029 943 2065 et
967 2023 1075 2065 altae

103 2101 178 2143 per
199 2091 365 2128 noctem
387 2100 582 2128 resonare
604 2085 714 2141 lupis
738 2085 993 2128 ululantibus
1018 2085 1157 2129 urbes.

105 2164 190 2191 non
212 2148 315 2191 alias
339 2148 454 2190 caelo
479 2148 717 2190 ceciderunt
738 2148 861 2204 plura
885 2164 1032 2192 sereno

106 2211 291 2268 fulgura,
315 2225 394 2253 nec
418 2211 497 2252 diri
521 2211 672 2254 totiens
698 2226 835 2254 arsere
861 2218 1059 2254 cometae.

107 2288 208 2330 ergo
234 2273 341 2315 inter
364 2288 457 2315 sese
481 2273 651 2329 paribus
677 2289 920 2316 concurrere
945 2275 1037 2317 telis

106 2335 320 2378 Romanas
345 2335 455 2377 acies
479 2336 629 2378 iterum
653 2336 794 2378 videre
816 2336 1021 2393 Philippi3

107 2412 185 2440 nec
208 2396 289 2438 fuit
311 2396 530 2453 indignum
555 2398 735 2453 superis,
761 2398 826 2441 bis
852 2400 1055 2455 sanguine
1079 2405 1222 2441 nostro

107 2459 350 2501 Emathiam
375 2465 416 2500 et
438 2458 545 2501 latos
570 2458 727 2501 Haemi
748 2460 1023 2516 pinguescere
1048 2476 1231 2516 campos.

110 2521 267 2564 scilicet
290 2527 332 2563 et
355 2527 520 2577 tempus
545 2522 703 2572 veniet,
729 2537 826 2564 cum
849 2522 1002 2565 finibus
1026 2523 1108 2565 illis

109 2584 310 2641 agricola,
335 2584 509 2627 incurvo
534 2591 686 2626 terram
709 2584 877 2626 molitus
902 2591 1050 2636 aratro,

110 2661 236 2688 exesa
257 2646 442 2688 inveniet
465 2646 613 2689 scabra
636 2645 825 2703 robigine
848 2647 947 2702 pila,

111 2715 182 2750 aut
204 2708 404 2765 gravibus
427 2709 572 2752 rastris
597 2709 739 2765 galeas
764 2709 948 2765 pulsabit
970 2710 1120 2760 inanis,

111 2771 365 2826 grandiaque
389 2771 554 2814 effossis
578 2771 795 2814 mirabitur
818 2787 915 2814 ossa
940 2773 1183 2827 sepulchris.

1495 470 1562 501 460

1497 785 1563 815 465

1497 1097 1565 1128 470

1500 1412 1566 1442 475

1501 1722 1568 1754 480

1502 2036 1568 2067 485

1504 2348 1570 2379 490

1504 2662 1570 2692 495
