1820 3080
367 317 449 358 332
768 323 809 355 P.
829 320 1059 356 VERGILII
1077 318 1301 356 MARONIS

366 426 433 466 ille
457 431 593 465 tamen
616 423 744 477 clipeo
769 422 926 463 obiecto
951 435 1172 462 conversus
1196 421 1238 461 in
1261 421 1419 463 hostem

366 486 450 528 ibat
474 492 513 526 et
537 484 732 526 auxilium
756 484 876 524 ducto
900 497 1093 524 mucrone
1118 482 1295 537 petebat,

367 561 459 587 cum
482 551 570 586 rota
593 544 856 599 praecipitem
880 549 920 584 et
942 558 1141 598 procursu
1164 543 1345 584 concitus
1370 543 1458 584 axis

279 620 343 650 380
365 607 510 661 inpulit
535 605 785 659 effunditque
810 605 915 655 solo,
942 605 1187 658 Turnusque
1212 611 1375 646 secutus

364 668 489 708 imam
512 666 616 707 inter
638 666 799 722 galeam
825 666 973 707 summi
997 666 1173 707 thoracis
1198 671 1238 706 et
1262 680 1352 706 oras

365 727 532 769 abstulit
555 741 651 768 ense
676 733 815 782 caput,
841 721 1109 780 truncumque
1132 726 1294 779 reliquit
1318 741 1475 768 arenae.

421 787 559 842 Atque
584 802 633 829 ea
656 787 753 828 dum
777 788 931 842 campis
955 788 1084 829 victor
1108 787 1177 828 dat
1200 786 1345 828 funera
1369 787 1546 837 Turnus,

364 849 518 890 interea
539 848 713 890 Aenean
737 848 981 890 Mnestheus
1006 854 1046 889 et.
1069 848 1175 890 fidus
1199 847 1381 889 Achates

278 923 342 953 385
365 909 652 963 Ascaniusque
676 924 812 951 comes
837 909 979 951 castris
1005 915 1181 951 statuere
1206 915 1428 958 cruentum,

366 971 540 1012 alternos
565 971 688 1025 longa
710 971 904 1012 nitentem
929 970 1097 1025 cuspide
1120 984 1301 1025 gressus.

367 1031 495 1072 saevit
519 1037 558 1072 et
581 1031 754 1072 infracta
777 1031 952 1072 luctatur
975 1031 1171 1072 arundine
1195 1030 1321 1071 telum

366 1093 537 1146 cripere,
563 1092 794 1145 auxilioque
817 1092 944 1142 viam,
969 1106 1074 1145 quae
1097 1091 1300 1146 proxima,
1325 1091 1474 1145 poscit:

367 1167 463 1194 ense
488 1158 626 1193 secent
648 1152 730 1193 lato
754 1151 918 1202 volnus,
943 1152 1093 1205 telique
1116 1151 1292 1193 latebras

279 1226 342 1256 390
364 1213 596 1254 rescindant
618 1213 799 1267 penitus,
826 1227 996 1266 seseque
1019 1213 1063 1253 in
1085 1212 1192 1253 bella
1213 1212 1430 1253 remittant.

365 1273 526 1326 iamque
550 1274 689 1314 aderat
711 1273 880 1314 Phoebo
904 1279 997 1313 ante
1021 1272 1122 1313 alios
1147 1272 1317 1313 dilectus
1341 1272 1453 1326 Iapis

366 1333 543 1383 Iasides,
569 1333 652 1374 acri
675 1333 882 1386 quondam
906 1332 972 1373 cui
995 1338 1137 1387 captus
1162 1346 1299 1373 amore

365 1393 454 1448 ipse
480 1408 575 1435 suas
599 1399 724 1443 artes,
751 1407 826 1435 sua
848 1407 1035 1442 munera,
1059 1392 1189 1434 laetus
1213 1391 1365 1446 Apollo

366 1454 582 1509 augurium
606 1453 881 1507 citharamque
905 1453 1028 1494 dabat
1052 1453 1273 1506 celerisque
1298 1452 1480 1508 sagittas.

277 1526 340 1558 395
364 1514 448 1564 ille,
473 1521 519 1555 ut
542 1515 715 1569 depositi
736 1515 935 1569 proferret
957 1514 1043 1555 fata
1065 1514 1256 1569 parentis,

366 1576 467 1616 scire
490 1581 711 1630 potestates
735 1575 953 1617 herbarum
976 1589 1178 1628 usumque
1201 1575 1392 1616 medendi

364 1635 506 1676 maluit
530 1642 570 1677 et
592 1642 726 1677 mutas
751 1636 905 1692 agitare
927 1635 1124 1691 inglorius
1149 1642 1268 1677 artes.

367 1696 500 1737 stabat
523 1696 670 1738 acerba
692 1696 889 1747 fremens,
914 1696 1122 1752 ingentem
1145 1696 1265 1738 nixus
1289 1696 1332 1737 in
1355 1696 1527 1746 hastam,

364 1756 549 1806 Aeneas,
574 1772 723 1812 magno
747 1757 941 1798 iuvenum
965 1763 1005 1798 et
1027 1757 1243 1798 maerentis
1268 1757 1348 1797 Iuli

275 1830 342 1860 400
366 1831 585 1867 concursu,
609 1817 786 1859 lacrimis
810 1818 1027 1859 inmobilis.
1052 1818 1119 1859 ille
1142 1824 1292 1859 retorto

364 1877 620 1918 Paeonidum
643 1877 686 1918 in
708 1892 860 1918 morem
889 1878 1022 1919 senior
1046 1878 1276 1919 succinctus
1301 1878 1452 1919 amictu

364 1937 492 1979 multa
515 1952 639 1978 manu
661 1938 819 1979 medica
843 1938 1081 1992 Phoebique
1103 1938 1335 1993 potentibus
1359 1938 1496 1978 herbis

364 1998 611 2051 nequiquam
634 1999 824 2053 trepidat,
850 1999 1097 2052 nequiquam
1122 1999 1277 2053 spicula
1301 1999 1442 2039 dextra

369 2058 556 2099 sollicitat
578 2065 825 2113 prensatque
849 2060 981 2100 tenaci
1004 2059 1156 2113 forcipe
1181 2059 1344 2100 ferrum.

276 2132 340 2162 405
365 2119 476 2160 nulla
498 2120 607 2160 viam
630 2119 794 2160 fortuna
815 2119 937 2174 regit,
962 2119 1062 2160 nihil
1087 2125 1226 2161 auctor
1248 2119 1401 2174 Apollo

365 2179 571 2229 subvenit,
597 2185 637 2221 et
661 2194 807 2221 saevus
833 2179 986 2234 campis
1010 2180 1142 2235 magis
1167 2195 1214 2221 ac
1237 2180 1368 2235 magis
1393 2180 1535 2220 horror

365 2239 598 2289 crebrescit,
623 2240 871 2295 propiusque
895 2240 1048 2280 malum
1072 2247 1145 2282 est.
1170 2241 1252 2281 iam
1275 2240 1441 2295 pulvere
1466 2239 1621 2281 caelum

366 2306 472 2342 stare
495 2301 652 2351 vident,
679 2300 854 2342 subeunt
877 2301 1032 2355 equites
1057 2307 1098 2342 et
1121 2301 1276 2356 spicula
1299 2301 1441 2342 castris

365 2362 492 2403 densa
515 2362 664 2403 cadunt
686 2361 843 2403 mediis.
869 2361 901 2402 it
924 2361 1048 2403 tristis
1073 2362 1127 2403 ad
1149 2362 1312 2403 aethera
1335 2362 1487 2403 clamor

276 2435 341 2465 410
365 2422 587 2463 bellantum
609 2422 804 2463 iuvenum
829 2428 869 2464 et
892 2423 993 2464 duro
1019 2422 1094 2464 sub
1119 2422 1254 2464 Marte
1279 2423 1505 2464 cadentum.

363 2483 430 2524 hic
453 2482 614 2533 Venus,
639 2483 807 2539 indigno
831 2483 915 2525 nati
939 2498 1137 2525 concussa
1161 2484 1311 2533 dolore,

366 2545 613 2585 dictamnum
636 2544 821 2600 genetrix
846 2543 1019 2586 Cretaea
1042 2545 1170 2599 carpit
1193 2544 1244 2586 ab
1268 2544 1355 2593 Ida,

363 2604 584 2659 puberibus
609 2605 767 2646 caulem
789 2604 898 2647 foliis
924 2610 964 2646 et
986 2605 1083 2646 flore
1109 2611 1338 2647 comantem

364 2679 566 2720 purpureo
573 2681 585 2715 ;
609 2680 691 2707 non
713 2665 783 2707 illa
805 2665 903 2707 feris
927 2665 1134 2721 incognita
1156 2666 1287 2721 capris

276 2739 341 2769 415
365 2726 567 2780 gramina,
594 2739 686 2767 cum
711 2732 825 2781 tergo
850 2726 1035 2767 volucres
1059 2726 1226 2768 haesere
1252 2725 1434 2780 sagittae.
