1820 3054
410 281 491 323 356
809 288 850 321 P.
871 285 1100 322 VERGILII
1118 283 1344 320 MARONIS

409 390 507 444 quid
530 389 677 430 misera
698 386 905 442 Eurydice
929 390 1041 427 tanto
1065 399 1246 426 macrore
1261 386 1450 436 recessit,

406 464 618 506 poenaque
640 454 850 503 respectus
875 453 915 489 et
936 461 1046 488 nunc
1069 452 1224 497 manet,
1252 445 1463 502 Orpheus,
1487 449 1531 490 in
1554 449 1617 490 te?

408 512 542 554 audax
565 511 631 552 ille
655 510 837 564 quidem,
862 509 933 563 qui
954 509 1095 550 mitem
1120 507 1330 551 Cerberon
1352 524 1547 564 umquam

407 572 593 622 credidit,
619 578 690 613 aut
712 571 785 612 ulli
806 570 918 612 Ditis
941 569 1142 625 placabile
1164 585 1327 620 numen,

318 646 383 676 270
406 647 482 675 neo
505 632 638 674 timuit
660 631 963 687 Phlegethonta
985 630 1125 672 furens
1150 630 1385 673 ardentibus
1411 632 1543 680 undis,

405 707 481 735 nee
504 698 661 735 maesta
684 692 850 735 obtenta
872 692 985 733 Ditis
1009 691 1216 747 ferrugine
1238 691 1378 747 regna,

405 754 673 809 defossasque
697 754 840 795 domos
865 767 914 795 ac
937 753 1109 794 Tartara
1132 758 1250 795 nocte
1275 758 1441 794 cruenta

406 815 558 865 obsita,
581 829 658 856 nec
681 814 822 856 faciles
845 814 957 855 Ditis
983 814 1070 855 sine
1093 813 1227 855 iudice
1252 814 1383 863 sedes,

406 876 558 924 iudice,
583 875 654 929 qui
677 875 784 917 vitae
807 874 902 930 post
923 880 1095 916 mortem
1119 874 1298 916 vindicat
1321 880 1423 916 acta.

317 950 382 981 275
407 936 481 978 sed
503 936 667 978 fortuna
690 935 830 977 valens
854 935 1052 977 audacem
1075 935 1228 976 fecerat
1251 940 1356 977 ante.

406 997 490 1038 iam
512 996 644 1052 rapidi
668 1002 862 1038 steterant
885 1010 1026 1038 amnes
1051 1002 1092 1037 et
1115 995 1234 1037 turba
1256 995 1435 1037 ferarum

404 1057 556 1099 blanda
577 1071 678 1099 voce
703 1071 858 1111 sequax
879 1057 1089 1112 regionem
1111 1057 1316 1098 insederat
1340 1055 1498 1112 Orphei
1505 1073 1518 1107 ;

405 1119 568 1173 iamque
591 1118 716 1160 imam
739 1118 879 1160 viridis
903 1118 1082 1159 radicem
1105 1123 1288 1159 moverat
1311 1117 1390 1159 alte

406 1194 580 1233 quercus
603 1179 747 1220 humo:
774 1184 970 1220 steterunt
994 1192 1154 1228 amnes,
1181 1178 1388 1231 silvaeque
1413 1192 1585 1220 sonorae

319 1251 384 1282 280
408 1245 552 1294 sponte
577 1254 652 1281 sua
676 1246 820 1281 cantus
845 1238 1060 1294 capiebant
1084 1238 1232 1279 cortice
1256 1253 1390 1279 avara.

406 1300 590 1342 labentes
615 1299 778 1356 biiuges
803 1299 925 1342 etiam
948 1314 1022 1354 per
1044 1299 1178 1341 sidera
1199 1299 1321 1340 lunae

405 1360 555 1415 pressit
578 1375 723 1414 equos,
749 1365 790 1402 et
812 1366 857 1401 tu
881 1365 1106 1409 currentes,
1130 1364 1340 1401 menstrua
1361 1359 1491 1415 virgo,

407 1421 597 1462 auditura
618 1420 768 1475 lyram,
794 1420 959 1461 tenuisti
981 1425 1101 1462 nocte
1123 1419 1275 1462 relicta.

406 1481 508 1523 haee
532 1481 676 1523 eadem
697 1481 830 1536 potuit
852 1481 964 1523 Ditis
988 1487 1028 1522 te
1051 1481 1213 1522 vincere
1238 1481 1427 1531 coniunx,

320 1555 384 1586 285
407 1541 723 1597 Eurydicenque
746 1541 851 1583 ultro
875 1542 1104 1584 ducendam
1125 1541 1320 1583 reddere?
1341 1556 1425 1583 non
1447 1541 1530 1583 fas:

408 1617 491 1644 non
515 1608 600 1644 erat
622 1602 797 1644 invictae
821 1603 939 1644 divae
963 1602 1168 1645 exorabile
1192 1601 1363 1644 numen!

408 1663 478 1705 illa
501 1663 684 1718 quidem,
708 1663 882 1705 nimium
904 1679 1046 1706 manes
1071 1670 1239 1719 experta
1262 1678 1439 1713 severos,

407 1730 670 1779 praeceptum
695 1724 884 1779 signabat
907 1725 1000 1774 iter,
1026 1739 1102 1766 nec
1124 1724 1261 1766 retulit
1283 1725 1392 1766 intus

408 1784 582 1834 lumina,
606 1798 682 1826 nec
705 1785 824 1827 divae
848 1786 1026 1841 corrupit
1048 1800 1218 1827 munera
1239 1785 1399 1841 lingua3

320 1858 385 1889 290
409 1845 484 1886 sed
506 1851 551 1887 tu
575 1845 769 1895 erudelis,
794 1846 969 1887 crudelis
994 1852 1039 1887 tu
1062 1847 1213 1902 magis,
1241 1845 1425 1902 Orphea,

408 1906 549 1948 oscula
572 1921 666 1948 cara
687 1912 830 1961 petens
854 1907 1001 1962 rupisti
1023 1908 1136 1949 iussa
1160 1908 1341 1950 deorum.

407 1966 557 2022 dignus
582 1981 696 2008 amor
718 1967 855 2016 venia,
880 1973 1043 2022 gratum
1067 1968 1102 2009 si
1125 1968 1298 2009 Tartara
1319 1974 1488 2010 nossent

406 2033 621 2081 peecatum
643 2027 889 2069 meminisse.
915 2033 1003 2077 tua,
1027 2042 1171 2083 grave,
1198 2029 1294 2070 sede
1316 2028 1477 2083 piorum

407 2102 482 2129 vos
506 2093 644 2129 manet
666 2087 837 2129 heroum
860 2093 1001 2130 contra
1023 2103 1182 2130 manus.
1206 2088 1274 2130 hio
1297 2094 1338 2130 et
1359 2094 1529 2142 uterque

320 2161 385 2193 295
407 2147 632 2198 Aeacides,
657 2147 808 2190 Peleus
831 2163 1009 2203 namque
1034 2155 1076 2191 et
1098 2149 1339 2191 Telamonia
1360 2149 1502 2199 virtus,

407 2224 481 2264 per
503 2224 646 2251 secura
666 2210 793 2265 patris
816 2210 1019 2252 laetantur
1041 2211 1227 2260 numina,
1252 2225 1426 2265 quorum

410 2269 579 2311 conubis
603 2269 747 2312 Venus
772 2276 813 2312 et
835 2269 978 2313 Virtus
1002 2270 1178 2312 iniunxit
1200 2271 1409 2313 honorem.

407 2329 517 2371 hunc
539 2330 674 2385 rapuit
697 2345 833 2381 serva3
858 2337 922 2373 ast
943 2331 1060 2372 illum
1082 2330 1225 2373 Nereis
1250 2331 1414 2373 amavit.

409 2390 568 2432 adsidet
590 2390 668 2433 hac
691 2391 870 2442 iuvenis,
896 2391 1023 2434 sociat
1047 2406 1170 2446 quem
1192 2392 1342 2448 gloria,
1367 2391 1497 2442 fortis,

321 2464 386 2495 300
410 2466 521 2502 acer,
545 2451 810 2495 inexcussum
831 2452 1012 2494 referens
1037 2468 1062 2494 a
1085 2453 1259 2495 navibus
1283 2453 1391 2509 ignis

408 2511 615 2568 Argolicis
637 2512 843 2569 Phrygios
867 2519 983 2555 torva
1005 2513 1164 2555 feritate
1186 2514 1385 2569 repulsos.

409 2588 434 2615 o
457 2573 548 2627 quis
571 2588 655 2616 non
676 2574 826 2616 referat
849 2574 940 2616 talis
965 2574 1137 2616 divortia
1159 2574 1268 2624 belli,

410 2648 515 2687 quae
538 2634 686 2676 Troiae
708 2635 846 2677 videre
870 2635 965 2685 viri,
990 2635 1209 2690 videreque
1235 2634 1348 2685 Grai,

411 2694 587 2737 Teucria
610 2709 704 2736 cum
727 2710 878 2751 magno
900 2702 1083 2739 manaret
1108 2696 1306 2752 sanguine
1329 2694 1461 2744 tellus,
