1728 3068
621 280 890 318 BUCOLICA.
1285 284 1289 286 ’
1386 273 1406 313 1
1413 272 1439 313 9

693 441 816 484 VIII.

345 564 591 604 DAMON.
650 563 1166 604 ALPHESIBOEUS.

131 698 352 740 Pastorum
376 697 547 738 Musam
570 695 778 738 Damonis
803 702 844 737 et
866 695 1154 752 Alphesiboei,

74 761 278 803 inmemor
312 759 534 801 herbarum
557 771 663 812 quos
688 764 752 799 est
775 758 924 800 mirata
945 758 1123 801 iuvenca

0 819 5 840 '³
72 823 284 872 certantis,
309 834 485 876 quorum
510 819 767 875 stupefactae
792 820 974 862 carmine
998 821 1154 876 lynces,

1 911 3 919 ι
71 892 112 927 et
135 890 294 926 mutata
317 897 415 925 suos
439 882 679 936 requierunt
700 881 874 924 flumina
897 895 1057 933 cursus,

0 951 3 1006 ἶ
70 946 277 988 Damonis
301 945 474 987 Musam
497 944 683 986 dicemus
708 950 750 986 et
771 943 1059 1000 Alphesiboei.
1468 960 1487 989 5

0 1008 2 1016 ⁸
128 1009 196 1050 Tu
218 1007 320 1049 mihi
345 1021 420 1049 seu
442 1006 586 1063 magni
609 1021 782 1062 superas
806 1006 890 1048 iam
915 1022 1019 1049 saxa
1042 1006 1221 1058 Timavi,

72 1071 160 1113 sive
183 1085 298 1112 oram
321 1068 479 1124 Illyrici
500 1068 606 1125 legis
631 1068 841 1123 aequoris:
868 1083 921 1111 en
944 1069 1020 1111 erit
1043 1084 1228 1124 unquam

0 1127 1 1130 ¹
70 1132 139 1174 ille
163 1132 270 1182 dies,
295 1131 398 1173 mihi
421 1145 517 1173 cum
539 1131 663 1173 liceat
685 1131 917 1173 tua-dicere
941 1131 1077 1173 facta?

71 1209 125 1236 en
148 1195 242 1245 crit,
268 1200 315 1235 ut
337 1193 460 1236 liceat
482 1199 616 1235 totum
638 1193 742 1235 mihi
764 1192 873 1235 ferre
896 1208 971 1249 per
994 1193 1138 1236 orbem

72 1257 160 1299 sola
185 1255 420 1312 Sophocleo
444 1262 517 1298 tua
540 1256 724 1298 carmina
746 1256 874 1313 digna
898 1255 1126 1298 cothurno?
1470 1270 1509 1300 10

71 1335 97 1361 a
120 1325 160 1362 te
183 1318 449 1374 principium,
475 1318 550 1361 tibi
573 1318 746 1360 desinet.
773 1319 914 1375 accipe
937 1319 1064 1361 iussis
1147 1365 1150 1369 ,

72 1381 256 1423 carmina
279 1386 427 1436 coepta
450 1380 551 1430 tuis,
577 1386 700 1435 atque
723 1380 833 1422 hano
857 1381 946 1423 sine
970 1387 1158 1437 tempora
1182 1381 1336 1423 circum

70 1443 177 1484 inter
199 1442 388 1484 victrices
413 1441 610 1484 hederam
633 1442 708 1484 tibi
732 1457 897 1498 serpere
919 1443 1074 1485 laurus.

127 1504 298 1560 Frigida
321 1503 392 1546 vix
417 1504 531 1546 caelo
555 1504 688 1546 noctis
713 1505 949 1547 decesserat
972 1505 1131 1555 umbra,

72 1581 167 1608 cum
189 1581 258 1608 ros
281 1566 325 1607 in
348 1572 490 1608 tenera
511 1566 653 1622 pecori
677 1567 940 1622 gratissimus
965 1567 1107 1617 herba,
1469 1582 1510 1611 15

70 1627 314 1670 incumbens
339 1628 458 1670 tereti
480 1627 652 1670 Damon
676 1628 736 1670 sic
761 1629 898 1684 coepit
920 1629 1067 1671 olivae.

127 1690 185 1732 D.
214 1689 396 1732 Nascere
413 1704 594 1745 praeque
619 1690 729 1731 diem
753 1691 924 1732 veniens
950 1706 1042 1746 age,
1062 1691 1250 1741 Lucifer,
1271 1691 1440 1741 almum,

72 1752 260 1808 coniugis
283 1752 455 1808 indigno
478 1751 606 1793 Nisae
631 1751 831 1808 deeeptus
856 1767 997 1794 amore

71 1814 172 1856 dum
195 1828 362 1868 queror,
389 1820 430 1855 et
453 1813 591 1863 divos,
617 1827 871 1868 quamquam
894 1814 954 1855 nil
977 1814 1152 1856 testibus
1176 1814 1257 1856 illis
1460 1853 1466 1858 χ

71 1875 247 1932 profeci,
273 1881 459 1917 extrema
481 1875 662 1917 moriens
687 1882 827 1917 tamen
850 1876 1051 1930 adloquor
1074 1876 1187 1918 hora.
1466 1890 1510 1920 20

70 1938 205 1994 incipe
227 1937 460 1979 Maenalios
484 1951 667 1987 mecum,
693 1951 787 1979 mea
810 1937 930 1988 tibia,
955 1953 1116 1980 versus.

73 1999 295 2041 Maenalus
321 2005 598 2055 argutumque
621 2014 770 2042 nemus
794 2000 999 2055 pinosque
1023 2000 1239 2055 loquentes

74 2076 238 2118 semper
260 2061 402 2112 habet,
428 2075 592 2117 semper
614 2068 828 2117 pastorum
850 2062 920 2104 ille
944 2063 1059 2104 audit
1083 2077 1245 2105 amores

7 2174 18 2183 „
73 2123 290 2178 Panaque,
316 2123 388 2178 qui
409 2123 567 2179 primus
593 2124 774 2166 calamos
799 2139 884 2166 non
906 2139 1058 2181 passus
1082 2125 1249 2167 inertes.

6 2182 14 2231 ζ
71 2186 207 2241 incipe
230 2185 463 2228 Maenalios
487 2200 669 2236 mecum,
694 2201 788 2229 mea
811 2187 930 2237 tibia,
955 2201 1115 2229 versus.
1467 2199 1510 2230 25

11 2246 17 2283 ἶ
73 2247 227 2302 Mopso
250 2247 353 2288 Nisa
376 2247 508 2289 datur.
534 2248 636 2302 quid
658 2263 743 2290 non
766 2263 980 2304 speremus
1006 2249 1220 2291 amantes?

73 2309 295 2364 iungentur
317 2308 401 2349 iam
424 2324 577 2364 grypes
602 2310 739 2364 equis,
765 2325 952 2364 aevoque
976 2311 1164 2365 sequenti

3 2405 6 2408 ,
74 2385 169 2412 cum
194 2369 366 2412 canibus
391 2370 559 2411 timidae
582 2371 751 2413 venient
773 2372 828 2413 ad
849 2372 1000 2426 pocula
1023 2372 1227 2413 dammae.

74 2431 246 2487 Mopse,
271 2446 402 2474 novas
426 2431 562 2473 incide
587 2432 722 2474 faces:
747 2433 823 2475 tibi
845 2433 1009 2474 ducitur
1032 2448 1149 2475 uxor.

76 2508 244 2550 sparge,
269 2494 434 2544 marite,
459 2508 606 2535 nuces:
632 2493 707 2536 tibi
730 2494 884 2535 deserit
907 2494 1126 2549 Hesperus
1153 2493 1319 2537 Oetam.
1467 2509 1510 2539 30

11 2603 17 2606 q
75 2555 210 2611 incipe
233 2555 467 2598 Maenalios
492 2571 675 2606 mecum,
700 2571 794 2598 mea
818 2556 937 2606 tibia,
962 2572 1122 2599 versus.

77 2631 102 2658 o
125 2617 252 2674 digno
276 2619 494 2661 coniuncta
517 2619 625 2670 viro,
651 2619 751 2660 dum
775 2619 955 2674 despicis
979 2633 1137 2669 omnes,

78 2677 258 2733 dumque
281 2679 357 2722 tibi
380 2687 444 2723 est
468 2681 562 2723 odio
586 2695 680 2723 mea
703 2681 859 2730 fistula,
885 2680 1068 2735 dumque
1092 2682 1274 2737 capellae

79 2737 363 2795 hirsutumque
388 2742 651 2797 supercilium
675 2743 961 2798 promissaque
985 2742 1126 2792 barba,

1154 2815 1210 2851 232·
