1780 3074
546 303 805 343 AENEIDOS
823 301 1271 341 LIB.111.>
1380 288 1463 332 139

97 412 278 468 ecquid·
266 427 310 454 m
333 411 544 465 antiquam
566 409 760 451 virtutem
785 407 1026 461 animosque
1050 405 1178 448 virilis

98 483 138 519 et
161 481 278 531 pater
300 473 469 516 Aeneas
494 478 536 514 et
559 470 789 514 avunculus
814 469 966 512 excitat
995 467 1210 510 Hector?“

97 538 196 580 talia
217 536 419 579 fundebat
441 534 662 577 lacrimans
686 533 917 589 longosque
942 530 1078 574 ciebat

96 601 308 642 incassum
331 598 473 648 fletus,
499 612 594 638 cum
619 610 711 638 sese
735 610 761 637 a
784 593 1002 636 moenibus
1026 593 1149 635 heros
1490 601 1556 633 345

97 661 330 704 Priamides
356 629 496 701 multis
520 658 710 701 Helenus
736 655 1027 700 comitantibus
1052 655 1200 705 adfert,

98 722 398 780 adgnoscitque
424 736 521 763 suos
545 720 763 773 laetusque
786 718 841 760 ad
862 718 1007 760 limina
1030 717 1157 767 ducit,

98 791 140 827 et
163 784 339 826 multum
362 783 552 825 lacrimas
576 781 705 824 verba
727 781 834 822 inter
857 779 1023 835 singula
1046 779 1195 820 fundit.

98 846 278 903 procedo
302 851 343 887 et
365 858 539 902 parvam
563 843 734 885 Troiam
758 841 1032 913 simulataque
1056 841 1221 897 magnis

98 909 306 966 Pergama
329 914 370 950 et
393 913 577 949 arentem
599 905 764 947 Xanthi
789 904 1035 962 cognomine
1058 904 1196 945 rivum
1492 913 1558 944 350

98 971 328 1028 adgnosco,
355 968 594 1023 Scaeaeque
619 941 866 1023 amplecto?
867 965 1012 1008 limina
1034 971 1192 1022 portae.

98 1048 176 1076 nec
198 1048 282 1075 non
305 1037 345 1074 et
369 1031 521 1073 Teucri
545 1030 658 1072 socia
682 1029 805 1071 simul
828 1028 931 1071 urbe
954 1028 1160 1070 fruuntur.

98 1095 190 1137 illos
212 1092 438 1150 porticibus
461 1107 537 1134 rex
560 1091 823 1147 accipiebat
811 1106 856 1132 m
879 1090 1048 1146 amplis;

99 1156 209 1200 aulai
231 1155 368 1198 medio
390 1154 575 1197 libabant
597 1153 748 1209 pocula
770 1152 931 1195 Bacchi

98 1219 286 1275 inpositis
310 1233 411 1260 auro
435 1217 610 1272 dapibus
634 1222 882 1272 paterasque
906 1214 1115 1257 tenebant.
1493 1223 1558 1255 355

157 1282 331 1335 Iamque
355 1280 443 1322 dies
468 1279 650 1333 alterque
674 1279 763 1320 dies
786 1278 989 1334 processit
1015 1283 1056 1320 et
1079 1292 1204 1319 aurae

100 1343 194 1386 vela
216 1348 368 1385 vocant
390 1341 630 1395 tumidoque
654 1341 822 1382 inflatur
845 1339 1044 1382 carbasus
1069 1345 1230 1382 austro:

102 1406 167 1447 his
192 1410 331 1447 vatem
355 1403 576 1459 adgredior
600 1402 720 1444 dictis
746 1416 795 1444 ac
818 1402 916 1444 talia
939 1416 1113 1456 quaeso:

103 1467 387 1523 „Troiugena,
411 1465 613 1520 interpres
638 1464 796 1514 divom,
821 1464 894 1534 qui
916 1464 1087 1505 numina
1109 1462 1284 1512 Phoebi,

101 1529 173 1585 qui
195 1529 397 1584 tripodas,
425 1526 555 1569 Clarii
576 1526 738 1576 laurus,
764 1526 836 1580 qui
861 1525 996 1567 sidera
1021 1525 1150 1567 sentis
1493 1535 1558 1567 360

102 1599 143 1634 et
166 1591 381 1633 volucrum
403 1589 568 1645 linguas
594 1594 635 1629 et
657 1587 865 1644 praepetis
891 1587 1030 1629 omina
1052 1601 1227 1642 pennae,

102 1654 190 1696 sare
214 1667 293 1709 age
316 1677 372 1682 -
395 1665 574 1705 namque
599 1665 765 1692 omnem
789 1665 957 1692 cursum
980 1648 1083 1690 mihi
1105 1663 1306 1704 prospera
1331 1647 1435 1688 dixit

101 1689 267 1771 religioe>
272 1719 312 1755 et
337 1713 472 1755 cuncti
497 1718 717 1754 suaserunt
740 1712 908 1754 numine
934 1711 1020 1753 divi

102 1777 268 1820 Italiam
290 1781 429 1831 petere
454 1780 495 1816 et
518 1781 647 1816 terras
673 1780 872 1829 temptare
896 1779 1103 1829 repostas3

106 1838 194 1881 sola
217 1852 372 1879 novum
396 1836 590 1890 dictuque
613 1836 732 1878 nefas
756 1836 948 1891 Harpyia
974 1834 1157 1878 Celaeno
1496 1845 1559 1877 365

102 1899 339 1957 prodigium
363 1899 474 1940 canit
497 1904 538 1940 et
561 1898 688 1940 tristis
713 1898 929 1940 denuntiat
950 1897 1047 1948 iras,

105 1962 409 2016 obscenamque
433 1960 587 2002 famem
611 1986 666 1991 —-
690 1975 796 2015 quae
819 1960 954 2016 prima
975 1958 1160 2015 pericula
1182 1959 1295 2000 vito?

104 2023 257 2078 quidve
281 2037 458 2077 sequens
483 2027 618 2064 tantos
642 2022 800 2078 possim
825 2036 1019 2077 superare
1041 2021 1263 2063 labores?“

105 2085 173 2127 hic
195 2084 384 2127 Helenus
409 2084 540 2126 caesis
564 2084 744 2140 primum
767 2084 820 2126 de
843 2098 958 2126 more
981 2083 1168 2126 iuvencis

107 2153 252 2189 exorat
273 2161 420 2203 pacem
443 2146 583 2188 divom
606 2146 812 2201 vittasque
835 2146 1007 2188 resolvit
1495 2158 1560 2188 370

108 2208 258 2250 sacrati
280 2208 444 2263 capitis,
469 2223 617 2262 meque
642 2208 695 2249 ad
719 2214 791 2249 tua
813 2208 974 2258 limina,
998 2206 1184 2257 Phoebe,

106 2269 197 2324 ipse
220 2284 347 2310 manu
375 2269 504 2310 multo
529 2283 779 2324 suspensum
801 2269 970 2311 numine
994 2269 1120 2319 ducit,

109 2337 232 2386 atque
255 2330 358 2372 haec
381 2331 529 2372 deinde
553 2331 663 2372 canit
686 2331 826 2372 divino
851 2346 905 2372 ex
927 2345 997 2373 ore
1023 2331 1235 2373 sacerdos:

168 2391 300 2445 „Nate
324 2391 420 2442 dea3
444 2407 542 2432 nam
565 2398 605 2433 te
629 2392 854 2434 maioribus
878 2393 937 2434 ire
960 2407 1035 2447 per
1058 2392 1188 2434 altum

110 2455 305 2511 auspiciis
329 2454 550 2496 manifesta
572 2454 696 2495 fides:
720 2478 776 2485 —
800 2454 860 2496 sic
884 2454 970 2496 fata
993 2455 1119 2495 deum
1141 2468 1216 2495 rex
1496 2464 1560 2494 375

111 2517 277 2560 sortitur
299 2516 509 2570 volvitque
533 2516 665 2565 vices;
689 2515 726 2557 is
749 2515 922 2557 vertitur
944 2515 1045 2557 ordo
1068 2539 1124 2546 --

110 2594 244 2636 pauca
267 2578 341 2620 tibi
365 2593 388 2620 e
408 2578 571 2628 multis,
596 2592 679 2632 quo
703 2577 827 2620 tutior
848 2577 1013 2633 hospita
1035 2576 1187 2619 lustres

75 2663 78 2667 ·
112 2655 290 2696 aequora
314 2646 355 2683 et
377 2639 568 2682 Ausonio
591 2640 728 2695 possis
753 2639 967 2682 considere
990 2645 1124 2695 portu,

113 2703 329 2759 expediam
353 2702 494 2753 dictis;
518 2701 738 2757 prohibent
761 2717 858 2743 nam
882 2708 1018 2744 cetera
1040 2701 1198 2743 Parcae

115 2764 219 2806 scire
241 2764 451 2807 Helenum
476 2763 635 2819 farique
660 2769 771 2807 vetat
798 2762 993 2806 Saturnia
1015 2762 1134 2806 Iuno.
1495 2775 1559 2806 330
