1728 3068
660 293 928 332 BUCOLICA.

111 400 335 456 permixtos
359 399 506 442 heroas
531 406 573 441 et
594 399 685 454 ipse
709 398 915 440 videbitur
937 397 1031 447 illis,

111 469 386 518 pacatumque
409 468 526 518 reget
548 461 692 517 patriis
716 460 937 503 virtutibus
961 459 1116 502 orbem.

111 539 160 567 ac
183 524 259 567 tibi
281 525 432 580 prima,
457 539 580 579 puer,
604 523 719 565 nullo
742 522 990 564 munuscula
1014 521 1139 571 cultu,

113 587 286 629 errantis
311 587 485 628 hederas
510 586 667 642 passim
691 600 787 627 cum
809 584 1012 627 bacchare
1036 584 1157 625 tellus

110 650 323 703 mixtaque
346 648 496 690 ridenti
520 647 725 690 colocasia
747 647 894 688 fundet
917 646 1106 688 acantho.

110 712 229 766 ipsae
251 711 358 752 lacte
382 711 552 752 domum
575 709 755 751 referent
778 709 958 751 distenta
981 709 1163 764 capellae

111 773 257 823 ubera,
281 787 360 814 nec
382 787 557 828 magnos
582 777 767 813 metuent
790 776 975 812 armenta
998 771 1152 812 leones.

111 836 203 891 ipsa
226 835 300 877 tibi
324 834 499 876 blandos
523 833 700 874 fundent
723 832 931 874 cunabula
953 832 1089 874 flores.

110 897 270 940 occidet
293 901 334 938 et
358 910 546 951 serpens,
572 901 614 937 et
636 895 766 937 fallax
788 894 918 936 herba
942 894 1089 935 veneni

110 959 288 1009 occidet3
312 957 539 1013 Assyrium
562 957 687 1013 volgo
710 962 904 998 nascetur
927 971 1150 997 amomum.

112 1035 161 1063 ac
185 1021 309 1063 simul
331 1020 506 1062 heroum
528 1020 673 1062 laudes
698 1025 740 1061 et
763 1019 874 1061 facta
895 1025 1114 1074 parentum

110 1084 191 1125 iam
214 1083 352 1140 legere
377 1089 418 1124 et
440 1097 547 1136 quae
572 1082 625 1124 sit
647 1082 801 1138 poteris
827 1095 1078 1138 cognoscere
1102 1081 1233 1122 virtus
1241 1099 1252 1132 3

108 1146 223 1188 molli
245 1145 459 1201 pauHatim
482 1145 679 1186 flavescet
702 1159 874 1200 campus
899 1143 1036 1193 arista,

109 1208 358 1262 incultisque
381 1206 535 1249 rubens
558 1206 755 1262 pendebit
780 1205 966 1248 sentibus
989 1220 1084 1255 uva,

109 1276 151 1312 et
173 1270 300 1311 durae
324 1284 500 1323 quercus
527 1268 737 1311 sudabunt
759 1267 924 1310 roscida
946 1267 1081 1309 mella.

109 1346 244 1387 pauca
266 1338 406 1373 tamen
430 1330 629 1373 suberunt
651 1331 813 1386 priscae
836 1329 1015 1385 vestigia
1038 1329 1209 1377 fraudis,

109 1408 216 1448 quae
239 1399 440 1448 temptare
464 1393 630 1434 Thetim
652 1391 829 1443 ratibus,
855 1406 962 1446 quae
987 1391 1153 1447 cingere
1177 1392 1307 1433 muris

109 1456 280 1512 oppida,
306 1469 414 1510 quae
436 1454 607 1497 iubeant
630 1454 818 1496 tellurem
840 1453 1039 1496 infindere
1064 1454 1192 1495 sulco.

110 1518 212 1560 alter
235 1517 311 1559 erit
334 1523 423 1559 tum
447 1516 626 1572 Tiphys,
652 1523 694 1558 et
717 1517 845 1558 altera
867 1530 974 1570 quae
999 1515 1124 1557 vehat
1147 1514 1266 1571 Argo

109 1580 291 1622 delectos
314 1579 482 1629 heroas3
507 1585 627 1620 erunt
650 1579 776 1620 etiam
799 1578 927 1620 altera
950 1577 1059 1620 bella

110 1648 234 1695 atquc
257 1641 407 1682 iterum
430 1641 484 1682 ad
508 1640 678 1683 Troiam
701 1656 879 1697 magnus
903 1640 1088 1681 mittetur
1110 1638 1311 1682 Achilles.

110 1703 225 1754 hinc,
251 1702 323 1745 ubi
345 1703 430 1744 iam
453 1702 615 1744 firmata
637 1703 773 1744 virum
796 1708 837 1744 te
860 1701 1006 1743 fecerit
1029 1707 1157 1751 aetas,

111 1765 230 1807 cedet
253 1772 294 1806 et
316 1764 405 1820 ipse
429 1764 534 1805 mari
558 1770 717 1814 vector,
742 1778 820 1806 nec
843 1763 1010 1805 nautica
1033 1763 1155 1818 pinus

110 1826 287 1868 mutabit
310 1840 486 1868 merces:
512 1826 646 1868 omnis
670 1826 776 1868 feret
799 1826 938 1868 omnia
961 1825 1095 1867 tellus,

109 1903 194 1930 non
215 1894 370 1930 rastros
393 1888 571 1944 patietur
593 1888 764 1938 humus,
789 1903 876 1930 non
899 1887 1020 1929 vinea
1043 1887 1213 1937 falcem3

109 1949 304 1992 robustus
329 1964 495 2004 quoque
517 1950 602 1991 iam
625 1950 753 1992 tauris
778 1950 878 2006 iuga
902 1949 1035 1991 solvet
1058 1955 1207 1991 arator.

109 2026 187 2054 nec
210 2012 346 2054 varios
371 2012 504 2054 discet
526 2011 698 2053 mentiri
711 2012 809 2054 lana
832 2011 1004 2061 colores,

109 2074 200 2130 ipse
225 2074 299 2116 sed
322 2074 366 2115 in
387 2073 516 2130 pratis
541 2074 648 2116 aries
672 2074 756 2115 iam
780 2088 909 2116 suave
932 2073 1098 2115 rubenti

110 2136 282 2186 murice,
308 2136 393 2179 iam
417 2150 562 2178 croceo
586 2135 764 2178 mutabit
787 2135 941 2178 vellera
963 2135 1064 2177 luto.

112 2203 259 2253 sponte
283 2213 360 2239 sua
385 2198 546 2253 sandyx
569 2198 777 2253 pascentis
802 2198 952 2240 vestiet
975 2212 1119 2254 agnos.

111 2260 209 2301 talia
232 2259 385 2310 saecla,
411 2260 498 2301 suis
523 2260 732 2310 dixerunt,
758 2260 926 2310 currite,
951 2259 1058 2302 fusis

113 2321 335 2363 concordes
362 2321 499 2363 stabili
522 2321 703 2364 fatorum
725 2322 894 2363 numine
918 2321 1090 2364 Parcae.

112 2383 337 2439 adgredere
361 2398 386 2424 o
410 2398 585 2438 magnos
609 2409 664 2414 —
688 2384 819 2426 aderit
841 2384 925 2426 iam
949 2390 1114 2439 tempus
1139 2409 1194 2414 ——
1220 2384 1414 2434 honores,

113 2460 208 2486 cara
231 2445 356 2486 deum
381 2444 568 2495 suboles,
592 2460 794 2501 magnum
815 2445 930 2487 Iovis
954 2445 1274 2487 incrementum!

113 2508 251 2563 aspice
275 2521 460 2549 convexo
484 2513 699 2549 nutantem
721 2507 904 2562 pondere
927 2508 1143 2557 mundum,

114 2576 324 2624 terrasque
347 2575 584 2623 tractusque
608 2569 733 2611 maris
759 2569 1002 2623 caelumque
1024 2569 1299 2624 profundum:

114 2631 270 2686 aspice,
295 2637 467 2673 venturo
490 2631 694 2672 laetantur
718 2636 763 2672 ut
786 2631 925 2673 omnia
949 2630 1104 2673 saeclo!

115 2707 139 2734 o
162 2693 263 2739 nihi
286 2699 371 2735 tam
393 2693 543 2749 longae
566 2699 732 2734 maneat
754 2708 852 2748 pars
878 2692 1022 2735 ultima
1045 2693 1168 2743 vitae,

116 2754 280 2809 spiritus
305 2761 363 2806 et,
389 2761 589 2810 quantum
614 2760 678 2797 sat
702 2755 778 2796 erit
801 2761 872 2797 tua
895 2755 1031 2798 dicere
1055 2755 1184 2798 sacta:

1423 285 1466 323 1]

1503 658 1546 688 20

1505 1280 1547 1311 30

1506 1592 1547 1621 35

1505 1902 1548 1931 40

1507 2213 1549 2243 45

1507 2522 1551 2552 50
