1780 3074
520 296 780 335 AENEIDOS
799 296 896 332 LIB.
916 297 985 332 111.
1258 306 1263 309 ⁷
1353 285 1433 326 147

72 421 146 449 vos
171 405 352 448 animam
375 403 483 446 hanc
506 403 644 459 potius
670 415 930 457 quocumque
955 399 1160 442 absumite
1185 398 1308 441 let0.“

127 467 214 510 Vix
237 482 287 509 ea
309 466 421 508 fatus
447 471 552 516 erat,
579 478 741 507 summo
766 478 862 505 cum
884 467 1025 504 monte
1048 461 1238 503 videmus

71 531 208 586 ipsum
231 529 338 571 inter
360 528 542 584 pecudes
567 533 686 568 vasta
711 541 755 568 se
780 525 888 567 mole
912 529 1148 566 moventem

70 598 280 648 pastorem
303 589 610 646 Polyphemum
635 594 675 630 et
698 588 818 630 litora
842 593 942 629 nota
965 592 1187 642 petentem,

71 660 301 697 monstrum
307 651 572 702 horrendum,
584 650 773 701 informe,
787 650 948 706 ingens,
963 648 1030 691 cui
1036 648 1177 690 lumen
1185 648 1437 703 ademptum.

73 724 218 759 trunca
241 730 410 758 manum
433 715 556 770 pinus
580 713 687 770 regit
711 718 752 754 et
775 712 954 768 vestigia
976 711 1131 762 firmat3

73 779 281 836 lanigerae
306 777 552 820 comitantur
575 790 694 826 oves;
720 789 769 816 ea
794 774 883 817 sola
905 773 1098 829 voluptas

76 842 341 896 solamenque
365 840 475 881 mali.

74 910 293 961 postquam
318 902 422 944 altos
447 900 582 957 tetigit
604 900 754 942 fluctus
780 905 821 941 et
844 899 898 941 ad
922 913 1102 954 aequora
1126 898 1251 948 venit,

75 966 241 1009 luminis
266 965 408 1007 effossi
431 964 604 1005 fluidum
627 963 729 1005 lavit
751 962 848 1004 inde
873 976 1074 1011 cruorem,

75 1028 267 1071 dentibus
291 1027 530 1069 infrendens
555 1025 734 1083 gemitu,
760 1025 1029 1082 graditurque
1051 1038 1128 1079 per
1151 1037 1305 1077 aequor

74 1091 157 1133 iam
181 1090 381 1141 medium,
406 1089 584 1131 necdum
608 1088 760 1130 fluctus
783 1087 913 1130 latera
937 1086 1066 1128 ardua
1090 1085 1223 1126 tinxit.

75 1169 151 1196 nos
174 1153 316 1209 procul
341 1153 438 1194 inde
461 1152 607 1209 fugam
630 1151 780 1208 trepidi
803 1150 1000 1200 celerare,
1025 1154 1194 1204 recepto

77 1215 262 1272 supplice
288 1215 347 1257 sic
370 1214 535 1265 merito,
561 1214 757 1269 tacitique
780 1212 962 1255 incidere
986 1211 1150 1262 funem3

75 1278 273 1319 vertimus
299 1282 340 1318 et
362 1276 483 1333 proni
506 1275 760 1318 certantibus
785 1274 1128 1330 aequoraremis.

78 1339 207 1382 sensit
230 1345 271 1381 et
294 1339 348 1380 ad
372 1339 554 1381 sonitum·
573 1338 689 1380 vocis
712 1337 892 1393 vestigia
916 1336 1046 1379 torsit.

77 1416 222 1443 verum
245 1400 318 1443 ubi
340 1400 455 1442 nulla
478 1400 600 1441 datur
622 1400 810 1442 dextram
836 1398 1046 1441 adfectare
1068 1393 1269 1454 potestas,

77 1478 155 1505 nec
178 1463 286 1519 potis
310 1462 452 1504 Ionios
476 1462 626 1503 fluctus
651 1475 828 1516 aequare
853 1460 1079 1515 sequendo,

78 1526 300 1568 clamorem
322 1525 558 1566 inmensum
582 1523 704 1574 tollit,
730 1538 813 1578 quo
835 1528 988 1579 pontus
1013 1527 1055 1563 et
1078 1536 1222 1564 omnes

79 1594 361 1631 contremuere
385 1587 541 1637 undae,
567 1586 818 1642 penitusque
842 1584 1037 1627 exterrita
1061 1583 1182 1626 tellus

78 1650 243 1701 Italiae,
269 1649 488 1703 curvisque
512 1647 706 1704 inmugiit
729 1646 871 1689 Aetna
894 1646 1096 1688 cavernis.

79 1718 123 1754 at
144 1727 278 1769 genus
302 1726 325 1754 e
350 1711 465 1753 silvis
492 1710 726 1766 Cyclopum
751 1715 792 1752 et
814 1708 1025 1751 montibus
1050 1708 1144 1750 altis

80 1775 260 1816 excitum
284 1773 366 1815 ruit
389 1773 443 1814 ad
465 1778 609 1828 portus
635 1778 676 1814 et
697 1771 818 1814 litora
841 1771 1047 1827 conplent.

81 1836 287 1878 cernimus
313 1835 513 1877 adstantis
539 1834 789 1889 nequiquam
813 1833 968 1875 lumine
993 1838 1110 1875 torvo

79 1898 293 1940 Aetnaeos
318 1896 485 1947 fratres,
511 1896 625 1938 caelo
650 1895 786 1952 capita
809 1895 892 1937 alta
915 1894 1097 1944 ferentis,

81 1959 301 2003 concilium
323 1958 592 2000 horrendum:
618 1957 761 2012 quales
787 1972 882 1999 cum
905 1957 1059 1999 vertice
1084 1956 1196 1998 celso

81 2021 215 2064 aeriae
239 2035 415 2076 quercus
440 2025 512 2062 aut
534 2020 740 2062 coniferae
765 2019 967 2075 cyparissi

83 2083 370 2134 constiterunt,
397 2082 503 2125 silva
526 2082 609 2124 alta
631 2082 746 2124 Iovis
770 2081 942 2123 lucusve
966 2081 1145 2123 Dianae.
1167 2076 1171 2081 ’

81 2145 327 2202 praecipites
351 2149 486 2186 metus
511 2158 606 2186 acer
629 2144 717 2200 agit
740 2158 1002 2198 quocumque
1026 2142 1211 2184 rudentis

83 2212 276 2249 excutere
300 2212 341 2247 et
363 2206 498 2247 ventis
522 2206 733 2247 intendere
757 2205 851 2247 vela
875 2205 1081 2247 secundis.

85 2273 227 2310 contra
249 2267 364 2308 iussa
386 2273 555 2308 monent
576 2266 750 2316 Heleni,
778 2265 964 2322 Scyllam
989 2271 1111 2319 atque
1138 2264 1395 2319 Charybdim

85 2331 209 2379 inter,
233 2334 450 2382 utramque
473 2328 584 2368 viam
607 2328 680 2369 leti
703 2327 940 2369 discrimine
962 2341 1106 2383 parvo,

85 2391 128 2434 ni
151 2395 318 2432 teneant
342 2403 506 2439 cursus;
532 2394 688 2430 certum
712 2394 774 2430 est
798 2389 896 2430 dare
919 2388 1047 2429 lintea
1068 2393 1191 2429 retro.

87 2466 183 2496 ecce
207 2457 344 2493 autem
370 2450 517 2492 boreas
543 2456 721 2506 angusta
746 2449 798 2491 ab
824 2450 920 2490 sede
944 2448 1085 2490 Pelori

87 2515 239 2557 missus
265 2513 394 2555 adest.
420 2513 517 2554 vivo
540 2510 831 2568 praetervehor
855 2510 961 2552 ostia
986 2524 1086 2551 saxo

87 2576 317 2632 Pantagiae
341 2574 622 2631 Megarosque
648 2573 762 2614 sinus
788 2572 1086 2627 Thapsumque
1109 2571 1324 2612 iacentem.

89 2638 188 2680 talia
209 2637 467 2680 monstrabat
490 2636 679 2692 relegens
705 2639 838 2676 errata
860 2639 1064 2676 retrorsus

89 2699 209 2742 litora
230 2699 558 2749 Achemenides‚
585 2712 724 2740 comes
748 2696 925 2738 infelicis
950 2695 1080 2738 Ulixi.

149 2760 316 2804 Sicanio
339 2766 552 2818 praetenta
577 2760 672 2803 sinu
695 2759 802 2801 iacet
824 2758 961 2800 insula
985 2763 1127 2799 contra

1141 2827 1221 2864 10*

1462 474 1527 505 655

1466 785 1532 816 660

1469 1097 1533 1127 665

1470 1409 1535 1440 670

1473 1720 1536 1750 675

1472 2030 1538 2060 680

1474 2336 1538 2367 685

1474 2643 1539 2675 690
