1794 3042
331 632 395 660 490

330 933 394 963 495

330 1236 394 1266 500

330 1538 393 1568 505

332 1841 394 1870 510

329 2143 393 2172 515

328 2446 392 2476 520

422 269 504 310 226
824 276 865 309 Ρ.
884 274 1114 310 VERGILII
1132 274 1355 311 MARONIS

421 382 602 418 armenta
626 382 664 416 et
687 375 758 416 lati
783 374 969 415 custodia
992 373 1145 416 credita
1168 374 1312 428 campi.

420 438 635 478 adsuetum
659 435 839 490 imperiis
865 449 979 477 soror
1002 435 1111 476 omni
1137 433 1267 476 Silvia
1290 449 1386 476 cura

419 495 609 537 mollibus
633 495 820 537 intexens
846 495 1017 536 ornabat
1039 509 1190 537 cornua
1214 495 1344 544 sertis,

418 556 685 610 pectebatque
709 556 860 605 serum,
884 570 1067 611 puroque
1090 556 1134 597 in
1156 556 1268 596 fonte
1291 555 1466 596 lavabat.

417 617 484 657 ille
514 631 680 657 manum
703 617 861 671 patiens
886 631 1132 670 mensaeque
1156 616 1351 665 adsuetus
1374 616 1488 657 herili

419 676 579 718 errabat
603 677 735 727 silvis,
760 692 984 731 rursusque
1009 678 1061 718 ad
1084 677 1223 718 limina
1245 683 1342 718 nota

417 738 507 792 ipse
531 738 698 778 domum
723 753 814 779 sera
836 738 1024 792 quamvis
1049 753 1093 779 sc
1117 743 1236 779 nocte
1260 737 1428 778 ferebat.

418 799 527 839 hunc
549 798 692 853 procul
716 805 916 840 errantem
939 799 1105 840 rabidae
1128 798 1314 839 venantis
1337 799 1417 839 Iuli

419 874 674 901 commovere
698 874 839 910 canes,
863 860 988 901 fluvio
1012 875 1105 901 cum
1129 859 1232 901 forte
1257 860 1435 900 secundo

418 920 630 969 deflueret,
654 921 823 975 ripaque
847 927 985 962 aestus
1010 920 1207 961 viridante
1230 920 1394 961 levaret.

418 981 508 1035 ipse
532 981 654 1022 etiam
678 981 850 1022 eximiae
874 981 1006 1022 laudis
1032 996 1254 1022 succensus
1278 995 1415 1022 amore

417 1040 624 1082 Ascanius
649 1056 773 1083 curvo
797 1042 943 1083 direxit
967 1042 1124 1096 spicula
1146 1055 1288 1091 cornu3

418 1116 494 1143 nec
517 1102 684 1143 dextrae
708 1101 857 1143 erranti
880 1102 980 1143 deus
1005 1102 1126 1151 afuit,
1151 1107 1322 1154 actaque
1345 1100 1473 1141 multo

418 1176 570 1216 perque
594 1168 755 1204 uterum
780 1163 916 1204 sonitu
937 1176 1090 1217 perque
1113 1161 1182 1203 ilia
1205 1161 1316 1202 venit
1339 1162 1506 1202 arundo.

419 1223 581 1264 saucius
607 1229 648 1264 at
671 1224 903 1278 quadrupes
928 1229 1025 1264 nota
1047 1223 1152 1264 intra
1174 1228 1281 1263 tecta
1303 1222 1467 1277 refugit,

419 1283 696 1336 successitque
720 1298 889 1338 gemens
915 1283 1104 1333 stabulis,
1129 1288 1357 1336 questuque
1382 1287 1573 1323 cruentus

418 1350 539 1396 atque
562 1343 780 1398 inploranti
803 1343 946 1384 similis
971 1349 1122 1384 tectum
1146 1357 1265 1384 omne
1288 1342 1482 1397 replebat.

421 1402 550 1444 Silvia
571 1403 704 1458 prima
728 1418 859 1453 soror,
884 1403 1030 1458 palmis
1053 1418 1249 1458 percussa
1270 1403 1456 1452 lacertos,

418 1464 614 1505 auxilium
638 1471 757 1505 vocat
781 1470 822 1505 et
845 1464 969 1506 duros
993 1464 1219 1506 conclamat
1242 1464 1427 1519 agrestis.

417 1524 493 1574 illi,
518 1525 645 1579 pestis
669 1524 778 1566 enim
801 1525 933 1566 tacitis
958 1524 1055 1566 latet
1078 1540 1225 1579 aspera
1246 1525 1372 1573 silvis,

416 1585 613 1640 inprovisi
636 1586 803 1635 adsunt,
829 1586 895 1627 hic
919 1591 1025 1627 torre
1048 1592 1227 1627 armatus
1251 1585 1411 1635 obusto,

418 1647 566 1701 stipitis
589 1647 657 1688 hic
679 1647 839 1702 gravidi
861 1647 999 1697 nodis3
1023 1647 1134 1700 quod
1157 1647 1302 1700 cuique
1325 1652 1528 1701 repertum

416 1707 596 1756 rimanti,
622 1707 748 1748 telum
770 1707 831 1748 ira
853 1707 963 1748 facit.
987 1716 1106 1748 vocat
1130 1708 1296 1762 agmina
1318 1707 1516 1761 Tyrrhus,

418 1768 688 1820 quadrifidam
710 1782 906 1821 quercum
930 1768 1069 1809 cuneis
1093 1774 1139 1809 ut
1161 1767 1266 1809 forte
1290 1768 1439 1809 coactis

419 1828 646 1877 scindebat,
670 1834 787 1883 rapta
811 1828 969 1882 spirans
992 1829 1155 1869 inmane
1179 1828 1322 1869 securi.

417 1894 459 1929 at
483 1903 606 1929 saeva
630 1903 652 1929 e
677 1889 853 1943 speculis
878 1895 1038 1943 tempus
1064 1889 1141 1930 dea
1163 1894 1283 1930 nacta
1306 1888 1478 1929 nocendi

417 1949 544 1989 ardua
567 1954 674 1990 tecta
695 1949 796 2003 petit
820 1949 970 1991 stabuli
993 1955 1033 1990 et
1056 1950 1107 1990 de
1131 1949 1305 1990 culmine
1330 1963 1490 1990 summo

416 2009 620 2063 pastorale
644 2009 753 2051 canit
777 2009 959 2063 signum,
985 2024 1190 2062 cornuque
1213 2023 1383 2050 recurvo

418 2068 655 2115 Tartaream
678 2069 857 2110 incendit
879 2083 1041 2118 vocem,
1067 2083 1148 2122 qua
1170 2069 1353 2123 protinus
1379 2082 1498 2109 omne

418 2129 658 2176 contremuit
681 2144 824 2170 nemus
849 2134 890 2171 et
913 2129 1039 2170 silvae
1062 2129 1278 2171 insonuere
1300 2129 1545 2183 profundae3

416 2190 544 2231 audiit
567 2196 607 2231 et
631 2190 794 2231 Triviae
817 2189 939 2244 longe
962 2189 1094 2239 lacus,
1121 2189 1249 2231 audiit
1271 2190 1402 2230 amnis

417 2250 597 2291 sulfurea
618 2249 704 2291 Nar
726 2249 844 2291 albus
868 2264 975 2303 aqua
997 2249 1213 2304 fontesque
1236 2249 1386 2299 Velini,

416 2317 456 2351 et
479 2311 659 2365 trepidae
682 2317 832 2352 matres
856 2325 1042 2365 pressere
1065 2311 1118 2352 ad
1140 2317 1305 2365 pectora
1327 2316 1457 2351 natos.

415 2378 502 2412 tum
525 2386 622 2413 vero
645 2372 699 2412 ad
721 2386 865 2413 vocem
888 2371 1057 2421 celeres,
1083 2386 1164 2425 qua
1187 2371 1334 2413 bucina
1358 2371 1520 2426 signum

415 2433 504 2474 dira
526 2433 655 2482 dedit,
679 2432 805 2487 raptis
830 2439 1076 2474 concurrunt
1097 2433 1277 2486 undique
1301 2432 1390 2473 telis

415 2493 601 2534 indomiti
623 2493 844 2549 agricolae,
868 2507 944 2534 nec
966 2508 1049 2534 non
1072 2499 1112 2535 et
1135 2493 1261 2534 Troia
1282 2492 1412 2547 pubes

413 2553 597 2595 Ascanio
620 2553 817 2594 auxilium
840 2554 984 2595 castris
1008 2554 1181 2595 effundit
1204 2554 1365 2609 apertis.

415 2613 598 2655 direxere
621 2614 741 2655 acies.
766 2628 849 2655 non
871 2614 953 2655 iam
976 2615 1194 2656 certamine
1218 2614 1380 2670 agresti,

416 2673 621 2728 stipitibus
646 2674 757 2715 duris
782 2675 917 2732 agitur
940 2674 1161 2716 sudibusve
1184 2674 1397 2729 praeustis,
