1794 3048
332 490 395 520 265

332 793 396 823 270

421 305 475 348 3ss
821 312 861 346 P.
879 310 1111 346 VERGILn
1128 309 1353 347 MARONIS

420 420 623 457 exacuunt
646 413 714 454 alii
738 412 867 453 vallos
891 410 1110 464 furcasque
1134 411 1325 461 bicornis,

420 482 540 529 atque
564 474 760 515 Amerina
782 478 926 527 parant
948 471 1081 513 lentae
1104 473 1326 514 retinacula
1348 473 1433 515 viti.

419 551 526 577 nunc
549 535 679 576 facilis
703 534 829 575 rubea
853 538 1013 574 texatur
1034 532 1178 574 fiscina
1200 533 1334 588 virga3

418 611 526 638 nunc
550 601 696 637 torrete
719 594 804 650 igni
827 594 987 649 fruges,
1012 608 1121 635 nunc
1144 594 1319 650 frangite
1345 610 1456 636 saxo.

418 658 570 711 quippe
594 656 716 697 etiam
739 656 856 697 festis
880 655 1082 709 quaedam
1106 669 1293 697 exercere
1319 656 1462 697 diebus

420 719 483 759 fas
509 724 549 758 et
571 717 660 758 iura
683 717 840 758 sinunt:
864 717 974 758 rivos
998 717 1199 758 deducere
1222 717 1336 758 nulla

419 778 562 834 religio
585 778 733 827 vetuit,
760 778 890 833 segeti
911 778 1175 832 praetendere
1200 793 1378 833 saepem,

418 839 586 881 insidias
611 839 754 880 avibus
780 838 928 887 moliri,
953 838 1166 879 incendere
1190 853 1347 893 vepres,

419 900 709 953 balantumque
733 914 901 955 gregem
925 899 1048 940 fluvio
1073 914 1249 941 mersare
1274 900 1436 941 salubri.

422 975 543 1015 saepe
567 961 656 1002 oleo
681 962 785 1002 tardi
809 967 942 1002 costas
967 961 1141 1015 agitator
1163 961 1278 1002 aselli

385 1050 394 1059 .
421 1022 569 1064 vilibus
594 1029 664 1063 aut
687 1027 827 1063 onerat
849 1021 1002 1077 pomis3
1026 1021 1285 1076 lapidemque
1309 1028 1515 1064 revertens

332 1097 396 1127 275

333 1400 398 1431 280

421 1083 609 1124 incusum
634 1089 704 1124 aut
727 1089 837 1124 atrae
861 1098 1040 1124 massam
1063 1083 1164 1137 picis
1188 1083 1289 1124 urbe
1312 1090 1500 1138 reportat.

477 1144 576 1198 Ipsa
599 1145 686 1186 dies
711 1144 810 1186 alios
835 1144 914 1186 alio
938 1145 1049 1186 dedit
1072 1145 1211 1186 ordine
1235 1145 1359 1186 Luna

422 1204 552 1246 felicis
576 1220 756 1260 operum.
787 1206 971 1259 quintam
994 1205 1111 1261 fuge:
1136 1205 1311 1260 pallidus
1338 1204 1474 1247 Orcus

421 1265 754 1319 Eumenidesque
779 1272 889 1308 satae
897 1282 909 1317 3
934 1272 1020 1307 tum
1043 1272 1163 1321 partu
1186 1266 1314 1308 Terra
1335 1266 1512 1307 nefando

423 1326 662 1380 Coeumque
685 1327 954 1381 Iapetumque
978 1333 1104 1377 creat,
1131 1342 1380 1381 saevumque
1405 1327 1614 1382 Typhoea,

422 1394 462 1428 et
486 1387 716 1428 coniuratos
741 1387 899 1428 caelum
922 1388 1151 1429 rescindere
1174 1387 1332 1430 fratres.

422 1455 482 1488 ter
505 1454 599 1488 sunt
622 1447 756 1488 conati
778 1449 971 1502 inponere
995 1448 1110 1490 Pelio
1137 1447 1293 1490 Ossam

423 1509 576 1550 scilicet
599 1514 721 1561 atque
747 1507 883 1551 Ossae
907 1508 1146 1550 frondosum
1169 1509 1374 1551 involvere
1401 1508 1645 1566 Olympum3

422 1576 483 1610 ter
504 1575 620 1623 pater
643 1575 870 1612 exstructos
895 1570 1054 1611 disiecit
1076 1570 1246 1611 fulmine
1269 1571 1431 1612 montis.

423 1630 596 1684 septima
618 1635 711 1684 post
734 1630 938 1672 decimam
961 1630 1061 1672 felix
1085 1637 1125 1672 et
1147 1645 1298 1686 ponere
1321 1631 1459 1681 vitem,

335 1725 351 1734 .
381 1704 394 1710 ⁹
423 1697 463 1732 et
485 1705 656 1744 prensos
681 1691 879 1733 domitare
902 1691 1028 1734 boves
1053 1698 1093 1734 et
1115 1692 1209 1733 licia
1231 1692 1335 1733 telae

335 2007 399 2038 290

337 2310 399 2342 295

338 2614 400 2645 300

422 1752 590 1801 addere3
615 1766 723 1793 nona
746 1752 870 1808 fugae
893 1753 1054 1803 melior,
1079 1754 1279 1795 contraria
1302 1753 1432 1795 furtis.

479 1811 616 1853 Multa
639 1813 742 1854 adeo
765 1814 901 1868 gelida
924 1814 1069 1856 melius
1094 1829 1138 1856 se
1162 1821 1280 1856 nocte
1304 1815 1464 1864 dedere,

423 1878 494 1914 aut
516 1887 610 1913 cum
635 1872 719 1914 sole
742 1888 850 1915 novo
874 1880 1000 1916 terras
1024 1875 1177 1916 inrorat
1199 1875 1328 1917 Eous.

423 1939 541 1974 nocte
564 1933 675 1974 leves
700 1934 844 1976 melius
870 1935 1061 1989 stipulae,
1085 1942 1204 1978 nocte
1229 1936 1341 1977 arida
1364 1943 1480 1990 prata

424 1994 657 2035 tondentur:
682 2000 822 2036 noctes
847 1995 980 2040 lentus
1005 2011 1087 2038 non
1110 1996 1246 2038 deficit
1267 1996 1424 2038 humor.

424 2061 465 2095 et
487 2055 655 2108 quidam
679 2069 792 2097 seros
815 2056 976 2098 hiberni
1000 2058 1053 2098 ad
1075 2057 1239 2099 luminis
1264 2057 1381 2112 ignes

423 2115 656 2170 pervigilat,
681 2115 871 2170 ferroque
894 2117 1006 2159 faces
1030 2117 1204 2172 inspicat
1227 2123 1359 2159 acuto.

423 2177 577 2217 interea
598 2176 768 2231 longum
791 2183 916 2219 cantu
939 2178 1067 2220 solata
1089 2178 1272 2220 laborem

424 2243 567 2292 arguto
592 2237 768 2278 coniunx
790 2239 988 2293 percurrit
1010 2239 1169 2294 pectine
1193 2239 1307 2289 telas,

424 2303 494 2339 aut
516 2298 646 2339 dulcis
670 2299 795 2340 musti
827 2298 997 2341 volcano
1027 2300 1216 2354 decoquit
1238 2300 1451 2352 humorem

424 2364 464 2400 et
486 2359 595 2400 foliis
619 2359 772 2401 undam
795 2361 942 2415 trepidi
965 2361 1180 2416 despumat
1203 2361 1307 2403 aeni.

424 2426 466 2461 at
488 2420 717 2462 rubicunda
750 2435 861 2463 ceres
893 2422 1027 2464 medio
1052 2422 1271 2464 succiditur
1294 2428 1420 2472 aestu,

424 2487 464 2521 et
488 2481 621 2522 medio
645 2487 773 2523 tostas
797 2488 914 2524 aestu
939 2483 1030 2524 terit
1053 2498 1148 2525 area
1170 2483 1324 2538 fruges.

424 2541 557 2582 nudus
582 2557 670 2592 ara,
697 2557 785 2584 sere
808 2543 962 2593 nudus;
987 2543 1117 2585 hiems
1141 2544 1292 2599 ignava
1315 2543 1470 2585 colono.

424 2601 643 2655 frigoribus
667 2609 783 2657 parto
807 2604 1009 2659 agricolae
1032 2604 1271 2659 plerumque
1294 2603 1493 2652 fruuntur,

425 2668 644 2715 mutuaque
668 2664 772 2705 inter
795 2679 839 2706 se
861 2665 957 2706 laeti
980 2666 1166 2707 convivia
1188 2670 1340 2707 curant.

424 2721 566 2764 invitat
588 2724 759 2777 genialis
783 2724 913 2767 hiems
937 2740 1136 2780 curasque
1159 2725 1340 2767 resolvit:
