1800 3106
579 248 839 288 AENEIDOS
859 249 958 285 LIB.
977 249 1082 287 VIII.

146 371 346 400 consessu
371 370 542 406 caveae,
568 355 733 412 magnis
759 353 1030 397 Circensibus
1056 353 1175 404 actis,

146 419 377 470 addiderat,
404 418 624 473 subitoque
648 432 805 460 novum
829 431 1081 473 consurgere
1105 415 1261 458 bellum

145 481 381 525 Romulidis
410 480 618 535 Tatioque
642 480 732 522 seni
758 478 1026 534 Curibusque
1051 478 1221 521 severis.

145 550 241 600 post
263 544 376 586 idem
400 543 507 585 inter
530 557 576 586 se
598 542 735 599 posito
760 541 985 584 certamine
1008 556 1131 598 reges

146 606 294 648 armati
316 605 431 648 Iovis
456 612 552 648 ante
577 621 691 647 aram
713 610 964 661 paterasque
988 609 1177 646 tenentes

147 668 314 711 stabant
338 675 380 711 et
403 683 527 711 caesa
550 667 782 724 iungebant
804 666 976 709 foedera
998 681 1138 722 porca.

145 731 259 772 haud
282 730 428 786 procul
451 731 548 772 inde
572 729 678 771 citae
701 728 882 770 Metium
905 728 950 770 in
973 728 1138 771 diversa
1161 728 1389 786 quadrigae

146 792 391 834 distulerant
414 817 470 823 —
494 798 537 834 at
560 797 606 833 tu
630 791 771 842 dictis,
797 789 986 841 Albane,
1010 790 1222 833 maneresl
1247 816 1303 822 —

144 855 417 912 raptabatque
439 855 520 897 viri
542 854 756 897 mendacis
781 853 944 896 viscera
968 853 1119 896 Tullus
1299 857 1301 859 ’

144 933 219 975 per
242 917 390 960 silvam
415 923 456 960 et
481 917 617 973 sparsi
640 916 837 959 rorabant
861 916 1067 973 sanguine
1091 931 1254 972 vepres.

143 994 222 1022 nec
244 995 328 1022 non
352 979 628 1035 Tarquinium
653 979 831 1021 eiectum
854 978 1075 1021 Porsenna
1097 978 1270 1021 iubebat

145 1042 351 1098 accipere,
376 1042 618 1099 ingentique
642 1041 790 1084 urbem
813 1041 1031 1084 obsidione
1054 1041 1284 1097 premebat,

144 1103 371 1146 Aeneadae
393 1104 439 1146 in
461 1104 619 1147 ferrum
641 1119 718 1161 pro
741 1103 932 1147 libertate
955 1103 1147 1146 ruebant.

144 1167 263 1209 illum
285 1167 520 1224 indignanti
544 1167 741 1218 similem,
767 1167 1029 1222 similemque
1052 1166 1230 1209 minanti

146 1230 373 1286 aspiceres,
397 1236 569 1286 pontem
594 1230 767 1272 auderet
790 1230 889 1284 quia
911 1229 1065 1272 vellere
1091 1228 1243 1272 Cocles

147 1298 189 1334 et
210 1292 384 1334 fiuvium
406 1292 555 1334 vinclis
579 1292 742 1334 innaret
767 1291 929 1334 Cloelia
950 1292 1098 1348 ruptis.

147 1355 190 1396 in
215 1369 378 1396 summo
403 1360 547 1396 custos
572 1354 776 1409 Tarpeiae
800 1353 988 1396 Manlius
1014 1354 1121 1396 arcis

148 1416 286 1460 stabat
307 1432 384 1474 pro
407 1417 564 1473 templo
588 1422 630 1459 et
655 1416 871 1473 Capitolia
888 1416 1001 1459 celsa
1024 1416 1207 1468 tenebat,

146 1479 436 1535 Romuleoque
462 1494 610 1521 recens
635 1479 830 1521 horrebat
852 1479 969 1536 regia
993 1479 1144 1521 culmo.

147 1549 271 1597 atque
294 1542 364 1584 hio
387 1542 543 1584 auratis
568 1542 746 1584 volitans
772 1547 994 1599 argenteus
1020 1556 1144 1583 anser

146 1603 376 1660 porticibus
403 1602 550 1647 Gallos
574 1604 619 1645 in
640 1603 782 1646 limine
807 1604 956 1646 adesse
981 1603 1176 1654 canebat3

149 1665 263 1709 Galli
285 1681 362 1723 per
385 1666 535 1709 dumos
560 1667 751 1718 aderant,
777 1681 998 1722 arcemque
1023 1666 1233 1718 tenebant,

147 1729 311 1771 defensi
335 1728 516 1771 tenebris
542 1735 582 1771 et
606 1729 716 1771 dono
739 1729 873 1771 noctis
900 1743 1076 1785 opacae3

148 1805 273 1833 aurea
297 1791 501 1834 caesaries
526 1791 619 1834 ollis
644 1797 768 1846 atque
792 1806 918 1833 aurea
942 1791 1092 1843 vestis;

147 1854 318 1911 virgatis
343 1854 484 1896 lucent
508 1855 685 1911 sagulis,
712 1861 801 1896 tum
823 1855 958 1896 lactea
982 1855 1090 1897 colla

148 1931 247 1959 auro
270 1916 552 1968 innectuntur,
578 1918 661 1960 duo
685 1917 862 1973 quisque
884 1917 1044 1974 Alpina
1065 1925 1290 1960 coruscant

147 1994 276 2035 gaesa
298 1995 443 2031 manu,
471 1980 599 2023 scutis
623 1980 797 2036 protecti
821 1995 996 2037 corpora
1018 1980 1171 2038 longis.

146 2042 215 2084 hic
238 2042 492 2085 exsultantes
519 2041 657 2086 Salios
681 2043 900 2098 nudosque
923 2044 1146 2100 Lupercos

146 2103 436 2161 lanigerosque
461 2106 601 2161 apices
626 2111 668 2148 et
689 2105 810 2161 lapsa
833 2107 985 2148 ancilia
1009 2106 1125 2149 caelo

148 2167 384 2218 extuderat3
410 2174 549 2210 castae
574 2167 784 2210 ducebant
808 2183 927 2210 sacra
949 2184 1026 2225 per
1048 2169 1196 2211 urbem

147 2228 314 2284 pilentis
338 2236 491 2272 matres
516 2230 561 2272 in
583 2229 792 2272 mollibus.
818 2230 915 2272 hinc
938 2231 1085 2287 procul
1108 2231 1226 2273 addit

150 2290 371 2333 Tartareas
396 2292 522 2333 etiam
546 2292 686 2342 sedes,
713 2291 796 2333 alta
820 2292 927 2334 ostia
950 2292 1079 2343 Ditis,

150 2358 192 2394 et
215 2351 419 2394 scelerum
442 2368 617 2409 poenas,
644 2359 686 2394 et
710 2358 770 2403 te,
797 2352 997 2404 Catilina,
1023 2354 1177 2396 minaci

149 2414 400 2471 pendentem
424 2415 616 2471 scopulo,
641 2415 947 2470 Furiarumque
970 2431 1044 2458 ora
1067 2421 1326 2466 trementem,

151 2483 414 2532 secretosque
436 2478 549 2534 pios,
574 2477 640 2520 his
665 2477 835 2519 dantem
857 2477 949 2519 iura
974 2477 1192 2521 Catonem.

150 2539 254 2581 haec
276 2538 383 2581 inter
406 2540 554 2582 tumidi
577 2539 658 2582 late
682 2539 809 2582 maris
834 2539 922 2582 ibat
944 2539 1086 2597 imago

151 2616 294 2653 aurea,
321 2602 396 2644 sed
418 2602 549 2644 fluctu
573 2601 825 2658 spumabant
849 2603 1015 2646 caerula
1038 2618 1157 2654 cano,

151 2670 193 2705 et
216 2663 370 2706 circum
395 2671 568 2722 argento
594 2664 695 2707 clari
719 2663 936 2720 delphines
960 2665 1004 2707 in
1028 2665 1171 2708 orbem

152 2740 333 2781 aequora
357 2727 575 2770 verrebant
600 2728 744 2770 caudis
769 2732 1014 2783 aestumque
1040 2728 1248 2771 secabant.

1434 239 1516 282 251

1547 617 1613 648 640

1547 930 1613 960 645

1548 1243 1614 1273 650

1550 1555 1615 1586 655

1551 1868 1616 1898 660

1552 2181 1617 2212 665

1551 2491 1617 2523 670
