1734 3074
590 317 591 320 η
651 298 864 326 PRAEFATIO
1332 295 1419 325 XVI
1426 296 1442 325 1

81 412 165 446 nus,
178 399 216 435 in
229 408 303 446 quo
317 409 459 432 numero
472 395 517 431 A.
530 395 617 440 VII,
629 395 696 430 211
710 398 779 440 est,
795 394 898 441 quod
910 394 1008 430 bene
1022 393 1198 430 convenit
1210 394 1326 429 verbo
1340 395 1445 436 addit,

84 451 186 500 quod
197 460 266 496 pro
279 455 380 494 (παρετ
393 447 432 483 in
445 447 596 493 optimis
609 446 715 482 libris
734 450 811 491 est,
831 449 870 482 et
880 445 1130 493 fragmentum
1142 445 1279 481 Moreti
1288 469 1305 491 ,ψ
1315 445 1355 480 in
1369 456 1444 491 quo

83 502 263 547 osu-iserae
270 499 317 536 G.
325 499 356 544 Ι,
363 499 430 534 207
438 509 506 544 pro
521 499 674 543 ostriferi
684 498 839 543 legitur:
852 507 976 544 neque
988 497 1105 532 ullum
1114 500 1215 533 certe
1227 496 1265 532 in
1273 496 1447 532 Parisina

23 561 25 594 j
82 552 266 599 Stephani
295 549 460 587 editione
490 549 700 595 exemplum
724 548 927 594 invenitur,
959 559 1034 595 quo
1064 549 1208 594 Abydus
1234 546 1443 583 masculino

81 614 220 652 genere
233 605 453 648 usurpatum
466 599 617 636 tuearis.

22 650 23 654 ¹
149 653 276 700 Atque
302 664 347 688 ex
370 651 555 689 Vaticano
581 650 747 696 quidem,
773 661 996 696 quamquam
1021 661 1172 696 saepius
1198 649 1445 696 simpliciores

80 705 262 741 lectiones
270 714 381 750 quam
389 702 503 738 ceteri
511 701 639 746 habet,
651 703 804 746 praeter
812 700 856 736 G.
865 701 934 746 111,
944 701 1011 736 190
1026 705 1064 736 et
1071 702 1114 736 A.
1124 701 1154 746 Ι,
1161 700 1229 736 427
1242 701 1383 736 nullam
1390 712 1446 737 re-

20 767 21 770 *
81 756 204 802 cipere
212 766 325 791 ausus
334 765 413 789 sum
421 756 552 788 contra
561 756 768 787 ceterorum
776 762 1018 796 consensum3
1031 752 1202 788 Romano
1217 757 1342 795 autem
1356 753 1447 799 quin

81 807 332 852 obsequamur
338 814 383 839 eo
392 803 623 848 impedimur,
631 801 734 847 quod
741 801 919 837 etvitiose
927 806 986 837 est
993 803 1154 848 scriptus
1162 807 1201 838 et
1207 803 1447 850 negligenter

80 857 251 892 collatus.
275 854 444 890 Relictus
451 853 566 899 igitur
579 856 638 888 est
651 853 754 886 solus
761 852 1107 897 praestantissimus
1114 853 1320 899 Medieeus,
1335 865 1446 900 quem

79 906 245 954 pressius
254 905 446 950 Wagnero
462 903 732 948 Ladevicoque
747 907 899 938 secutus
914 914 1007 948 sum,
1023 914 1248 950 quamquam
1262 904 1372 939 huius
1388 916 1444 940 se-

81 957 217 993 dulitas
225 955 343 991 multa
354 955 428 991 iam
443 953 652 1000 occupavit.
677 953 816 989 Verum
826 965 872 989 nc
881 953 942 989 hic
950 954 1101 1000 quidem
1108 954 1253 989 mendis
1267 959 1390 999 vacat,
1405 955 1444 990 in

15 1012 17 1019 '
80 1008 216 1056 quibus
228 1007 287 1043 bis
299 1011 431 1053 terque
445 1005 569 1041 cuncti
577 1005 633 1040 illi
645 1009 721 1040 tres
737 1005 994 1050 consentiunt3
1007 1005 1164 1040 maxime
1173 1005 1239 1040 illa
1248 1017 1345 1052 quae
1355 1006 1444 1041 diei-

79 1064 141 1110 tu·r
153 1058 319 1096 secunda
330 1068 462 1092 manus
477 1055 733 1091 dubitationes
750 1059 886 1091 movet.
935 1055 1041 1098 Quae
1055 1056 1147 1091 varii
1164 1056 1277 1102 pretii
1296 1056 1446 1092 videtur

80 1122 183 1156 esse3
194 1108 398 1146 nonnullae
412 1112 512 1143 certe
527 1107 607 1143 eius
623 1106 804 1142 lectiones
818 1106 1018 1143 manifesto
1033 1118 1077 1142 ex
1085 1107 1257 1143 Romano
1272 1111 1444 1154 sumptae

81 1165 178 1198 sunt.
222 1160 355 1207 Itaque
374 1158 413 1194 in
425 1158 637 1194 universum
658 1157 758 1204 cavi,
783 1170 831 1193 nc
845 1158 936 1205 quid
953 1158 1160 1204 reciperem
1179 1162 1312 1194 contra
1324 1158 1444 1195 Servii

79 1210 351 1256 auctoritatem,
364 1209 611 1256 Danielisque
620 1209 822 1244 editionem
836 1213 903 1244 aut
915 1209 1009 1255 ipse,
1022 1209 1088 1244 ubi
1103 1209 1254 1245 occasio
1263 1214 1376 1255 esset,
1390 1210 1444 1246 in-

81 1261 202 1308 spexi,
228 1265 293 1297 aut
304 1261 342 1296 in
355 1260 642 1296 Burmannianis
657 1259 858 1306 diligenter
871 1260 1057 1306 quaesivi,
1083 1264 1207 1295 utrum
1218 1260 1256 1296 in
1270 1272 1316 1296 ea
1327 1262 1445 1297 verba

81 1312 199 1349 Servii
206 1313 418 1359 legerentur
425 1322 562 1347 annon.
570 1311 656 1348 Non
663 1311 785 1357 fugiet.
793 1314 918 1347 autem
925 1311 1104 1347 lectorem
1113 1311 1443 1359 diligentem,quas

81 1362 285 1409 receperim
299 1374 343 1399 ex
349 1362 521 1398 Medieeo
530 1362 713 1398 lectiones
722 1373 786 1397 eas
794 1373 878 1398 esse
886 1362 1119 1409 plerumque,
1132 1362 1171 1398 in
1180 1363 1317 1409 quibus
1326 1364 1443 1399 subti-

81 1413 152 1449 lior
164 1413 375 1460 rectiorque
383 1413 562 1460 cogitatio
573 1413 771 1448 scribentis
779 1424 890 1460 quam
903 1413 941 1447 in
954 1414 1108 1460 vulgata
1121 1413 1234 1449 facile
1248 1414 1442 1460 adpareat.

149 1467 180 1510 §.
193 1466 226 1501 9.
251 1465 362 1507 Quod
375 1468 558 1511 superest,
572 1463 638 1500 ubi
651 1475 675 1500 a
686 1464 869 1510 Wagneri
881 1464 1021 1500 maiore
1035 1464 1214 1510 editione,
1229 1476 1327 1511 quae
1341 1466 1443 1512 quod

82 1515 195 1552 seiam
207 1516 426 1562 plerumque
446 1527 529 1551 cum
546 1515 688 1550 minore
702 1514 907 1559 consentit,
933 1514 1201 1554 discedendum
1221 1515 1443 1551 existimavi-

78 1578 177 1611 mus,
190 1565 244 1602 ita
256 1565 329 1601 iam
341 1565 380 1601 in
392 1566 554 1602 indicem
565 1565 771 1601 referemus
780 1592 790 1610 ‚
803 1569 846 1600 ut
857 1565 1024 1601 rationes
1038 1565 1148 1601 simul
1160 1566 1312 1611 passim,
1328 1578 1443 1612 quan-

80 1621 157 1653 tum
169 1617 318 1664 quidem
331 1628 399 1663 per
412 1617 523 1663 spatii
536 1616 731 1663 angustias
745 1617 849 1662 lieet,
876 1617 1042 1652 breviter
1054 1618 1237 1653 addamus
1246 1644 1255 1661 ‚
1280 1617 1443 1663 reliquo—

78 1679 159 1704 rum
170 1668 351 1704 rationem
361 1695 370 1712 ,
384 1668 450 1703 ubi
463 1679 558 1713 opus
570 1668 777 1714 videbitur,
790 1688 835 1694 —-
847 1669 958 1714 plura
972 1668 1069 1703 enim
1082 1668 1156 1703 iam
1169 1668 1360 1714 expedivit
1371 1668 1444 1703 La·

80 1719 233 1756 devicus
245 1740 292 1745 —
303 1719 396 1754 alibi
408 1718 600 1754 reddituri.

145 1769 398 1805 Bucolicon
416 1769 446 1815 1,
465 1770 519 1804 17.
546 1769 735 1804 omisimus
755 1768 819 1816 qui
837 1773 923 1815 post
940 1769 1040 1804 hune
1061 1769 1259 1815 legebatur
1276 1780 1443 1805 versum:

79 1832 180 1867 saepe
191 1821 330 1858 sinistra
348 1832 435 1855 cava
446 1821 620 1866 praedixit
633 1821 676 1854 ab
695 1821 771 1856 ilice
783 1822 916 1855 comiae.
939 1820 953 1867 ΙΙ
975 1820 1031 1855 59.
1046 1820 1261 1866 scripsimus
1282 1819 1443 1869 aequore]

80 1875 177 1907 erat:
202 1871 365 1907 aethere.
387 1871 400 1918 [Ι
423 1871 478 1906 65.
498 1870 622 1919 cretae]
643 1870 789 1907 Cretae.
809 1872 824 1919 fl
847 1871 895 1914 H,
915 1871 970 1906 27.
990 1869 1111 1919 fallat]
1130 1871 1238 1906 fallit.
1260 1871 1274 1918 ΙΙ
1298 1871 1367 1916 ΙΙΙ,
1386 1871 1442 1906 98.

78 1920 204 1970 aestas]
217 1925 356 1957 aestus.
370 1922 385 1968 Η
401 1921 468 1967 IV,
476 1921 532 1957 26.
539 1920 593 1970 ac]
607 1925 656 1957 at.
671 1922 686 1969 1]
702 1921 1185 1969 Ibid.parentum]parentis.
1210 1922 1311 1956 Illud
1324 1922 1442 1957 multo

79 1971 214 2019 aptius.
228 1972 244 2020 ΙΙ
260 1972 316 2008 33.
324 1974 481 2007 tellurem
492 1973 660 2019 infindere
671 1972 782 2022 sulco]
791 1973 917 2009 telluri
930 1973 1112 2009 infindere
1123 1974 1226 2008 sulco
1232 1974 1441 2009 s.Nost1·um

80 2023 309 2060 concinniu8.
326 2022 341 2070 ss
355 2023 411 2058 57.
425 2022 542 2073 orpha]
558 2024 710 2070 Orphei.
733 2024 819 2061 Vid.
833 2026 863 2068 ξ.
876 2025 908 2060 8.
936 2025 950 2071 Ι]
967 2025 1014 2070 V,
1022 2024 1054 2059 5.
1068 2023 1286 2073 mutantibus]
1301 2029 1442 2059 motan-

78 2075 189 2111 tibus.
205 2075 220 2123 ]]
236 2074 292 2110 27.
307 2074 486 2124 qemui‘sse]
505 2075 742 2122 ingemuisse.
791 2075 854 2111 Sic
872 2076 1000 2122 aliquo
1022 2076 1155 2111 saltem
1171 2079 1284 2122 pacto
1305 2075 1444 2111 lenitur

77 2125 246 2162 immanis
259 2126 514 2174 hyperbole.)l
526 2126 582 2162 55.
595 2125 793 2176 Stimichon]
809 2126 999 2162 Stimicon.
1018 2127 1032 2173 ΙΙ
1059 2127 1115 2161 68.
1128 2125 1210 2175 duo]
1225 2127 1331 2161 duos.
1355 2126 1441 2162 Vid.

80 2178 112 2221 §-
123 2177 156 2212 7.
171 2177 186 2224 Ι
202 2177 269 2222 VI,
281 2177 314 2212 2.
326 2176 445 2226 neque]
459 2188 541 2213 nec.
559 2177 573 2224 ss
599 2179 654 2213 10.
669 2177 772 2227 ἱεραί]
791 2179 905 2225 leget.
933 2180 946 2225 1]
963 2179 1018 2213 30.
1032 2177 1215 2226 mirantur]
1230 2178 1395 2213 miratur.
1411 2179 1425 2225 1]

78 2226 134 2264 42.
146 2226 330 2276 Promethz']
343 2228 569 2264 Promethei.
581 2228 667 2265 Vid.
682 2231 713 2273 ξ.
725 2230 758 2265 8.
774 2231 787 2276 1]
806 2230 860 2265 74.
874 2238 933 2265 aut
947 2228 1115 2278 Scyllam]
1128 2233 1170 2264 ut
1183 2229 1359 2276 Scyllam.
1386 2229 1441 2265 Cf.

78 2278 224 2314 Keilius
236 2278 262 2314 l.
273 2278 298 2313 1.
313 2279 327 2326 ΙΙ
345 2279 399 2314 78.
414 2278 504 2328 Teri]
519 2280 642 2316 Terei.
654 2280 819 2325 Vid.§.8.
835 2281 850 2328 Η
866 2281 953 2326 VH,
968 2281 1022 2316 14.
1035 2280 1108 2329 nec]
1123 2292 1256 2327 neque.
1273 2281 1286 2327 ss
1304 2281 1359 2315 25.
1368 2293 1441 2315 cre-

80 2327 238 2377 scenlem]
246 2333 475 2365 nascentem.
487 2330 572 2366 Vid.
583 2333 613 2375 §.
621 2332 653 2367 8.
668 2332 683 2379 fl
699 2331 756 2367 48.
765 2331 868 2380 lento]
883 2332 995 2368 laeto.
1011 2334 1024 2379 ss
1042 2331 1271 2380 54.quaeque]
1281 2343 1441 2378 quaque.

81 2377 138 2414 ef.
149 2378 416 2414 Lachmannus
436 2380 484 2415 ad
501 2380 613 2417 Lucr.
629 2393 666 2427 p.
685 2382 740 2417 94.
756 2382 769 2429 ΙΙ
787 2383 893 2428 VIII,
907 2384 963 2419 28.
977 2382 1123 2431 timidae]
1137 2383 1268 2418 timidi.
1284 2383 1298 2429 ΙΙ
1316 2383 1440 2426 VIIII,

80 2429 113 2464 3.
132 2428 235 2478 quod]
254 2440 342 2475 qu0.
366 2428 423 2465 Cf.
440 2429 705 2467 Lachmannus
724 2434 773 2468 ad
790 2433 903 2469 Lucr.
922 2446 958 2479 p.
976 2435 1054 2469 367.
1071 2435 1084 2480 fl
1107 2433 1162 2470 35.
1187 2432 1293 2481 Varo]
1312 2432 1441 2468 Vario.

79 2479 179 2516 Illud
196 2480 343 2516 restitui
362 2491 406 2516 ex
420 2481 592 2516 omnibus
610 2482 734 2518 libris:
759 2495 830 2519 nee
842 2484 980 2520 Varius
1000 2489 1039 2519 et
1052 2484 1171 2519 Cinna
1184 2487 1291 2519 erant
1303 2495 1440 2530 aequa-

81 2531 148 2576 les,
161 2530 284 2568 Varus
298 2535 422 2567 autem
431 2530 569 2567 Catulli
581 2532 723 2568 amicus
735 2535 924 2579 quondam
933 2535 1074 2570 Cinnae
1089 2538 1214 2570 aetate
1222 2545 1291 2580 par
1304 2537 1395 2569 erat.
1411 2535 1424 2581 ΙΙ

81 2581 192 2627 Χ,40.
204 2588 265 2617 aut
277 2582 406 2618 addidi
420 2594 503 2618 cum
515 2582 677 2630 Heynio.
697 2585 712 2632 Ι]
735 2584 831 2621 Ibid.
842 2585 985 2634 iaceres]
1000 2586 1149 2622 iaceret.
1165 2586 1180 2632 Ι]
1197 2585 1252 2621 59.
1267 2585 1440 2634 Cydonea]

83 2631 262 2679 Cydonia.
284 2633 370 2671 Vid.
384 2635 414 2677 §-
429 2634 460 2669 7.
476 2635 489 2682 Η
508 2635 562 2670 60.
575 2634 654 2684 sint]
669 2635 726 2670 sit.

149 2682 414 2730 Georgicon
433 2685 497 2720 lib.
516 2685 546 2730 Ι,
565 2685 620 2721 35.
639 2686 814 2735 relinquit]
833 2687 996 2734 reliquit.
1042 2687 1127 2724 Vid.
1141 2689 1171 2731 ξ.
1184 2687 1217 2723 8.
1233 2687 1247 2735 fl
1265 2688 1341 2723 198.
1361 2687 1439 2737 nisi]

84 2732 131 2768 ni.
147 2733 160 2780 u
177 2734 255 2770 208.
267 2733 349 2784 dies]
364 2735 435 2771 die.
483 2736 623 2772 Nititur
634 2737 730 2772 illud
748 2738 971 2774 auctoritate
986 2737 1100 2774 Gellii
1113 2738 1238 2783 VIIII,
1252 2737 1312 2773 14:
1331 2749 1439 2774 aecu-

85 2783 224 2867 εαῑὶζυε
243 2787 302 2820 est
316 2785 484 2831 pluralis.
506 2787 519 2834 Ι]
542 2787 620 2823 248.
638 2787 832 2837 densentur]
854 2789 1068 2825 densantur.
1090 2789 1103 2836 ΙΙ
1127 2789 1204 2824 260.
1227 2788 1317 2838 post]
1342 2801 1438 2826 mox.

177 2842 307 2875 emilius.
1187 2852 1210 2877 B
