1800 3106
598 318 857 357 AENEIDOS
875 318 974 355 LIB.
994 319 1043 354 X.

137 426 306 469 exitium
331 423 495 467 infelix!
521 439 632 466 nunc
655 424 738 466 alte
760 423 909 466 volnus
933 422 1144 465 adactum1

135 489 246 530 idem
271 503 368 544 ego,
394 493 508 537 nate,
535 492 652 528 tuum
675 485 882 528 maculavi
906 485 1076 528 crimine
1099 499 1264 536 nomen,

135 550 279 606 pulsus
306 550 360 592 ob
384 549 583 591 invidiam
608 548 712 591 solio
737 548 993 604 sceptrisque
1017 547 1213 603 paternis.

135 612 361 654 debueram
385 611 542 668 patriae
565 626 723 667 poenas
748 611 938 665 odiisque
961 625 1168 652 meorum:

136 676 269 716 omnis
294 690 368 730 per
391 675 534 716 mortis
559 674 739 716 animam
765 680 926 715 sontem
949 673 1040 728 ipse
1064 671 1293 714 dedisseml

137 751 245 778 nunc
270 738 386 788 vivo,
411 750 547 791 neque
571 735 708 778 adhuc
732 735 920 777 homines
945 734 1164 789 lucemque
1187 735 1389 788 relinquo.

137 799 211 840 sed
233 799 458 853 linquam.“
486 797 610 840 simul
633 797 712 839 hoc
736 797 879 839 dicens
904 796 1053 839 attollit
1076 797 1119 838 in
1143 811 1316 853 aegrum

137 876 182 903 se
206 860 343 902 femur
366 867 425 910 et,
451 874 704 914 quamquam
730 859 792 901 vis
818 859 901 901 alto
925 858 1093 900 volnere
1117 859 1265 908 tardat,

135 924 247 964 haud
271 922 455 964 deiectus
480 937 632 976 equum
658 922 754 963 duci
777 921 904 963 iubet.
930 921 1010 963 hoc
1034 922 1162 963 decus
1186 922 1257 970 illi,

137 986 213 1027 hoc
238 985 423 1027 solamen
447 990 553 1034 erat,
578 983 699 1026 bellis
723 983 804 1025 hoc
826 983 959 1025 vietor
981 983 1124 1026 abibat

135 1046 339 1088 omnibus.
365 1045 602 1100 adloquitur
625 1050 877 1087 maerentem
903 1051 944 1087 et
967 1045 1119 1087 taJibus
1144 1046 1252 1087 infit:

137 1107 352 1160 „Rhaebe‚
378 1107 469 1158 diu,
493 1122 560 1150 res
587 1107 622 1149 si
646 1122 729 1161 qua
753 1107 824 1148 diu
848 1106 1092 1149 mortalibus
1116 1107 1201 1149 ulla
1226 1116 1301 1158 est,

133 1170 325 1212 viximus.
351 1175 423 1211 aut
445 1169 567 1212 hodie
591 1169 723 1211 victor
747 1169 880 1225 spolia
902 1169 974 1211 illa
997 1177 1169 1211 eruenta

135 1239 176 1274 ct
199 1239 323 1288 caput
345 1231 517 1274 Aeneae
541 1231 715 1282 referes,
740 1231 958 1285 Lausique
983 1232 1174 1274 dolorum

134 1295 243 1336 ultor
266 1295 346 1336 eris
370 1309 552 1345 mecum,
579 1301 669 1344 aut,
695 1294 826 1350 aperit
852 1295 887 1336 si
912 1295 1026 1336 nulla
1050 1295 1162 1336 viam
1186 1295 1263 1345 vis,

136 1355 358 1398 occumbes
382 1356 554 1411 pariter3
580 1371 715 1410 neque
740 1357 869 1406 enim,
895 1356 1139 1407 fortissime,
1166 1359 1302 1407 credo,

135 1420 250 1461 iussa
274 1418 408 1460 aliena
430 1418 517 1473 pati
541 1425 582 1459 ct
606 1419 796 1460 dominos
821 1418 1047 1475 dignabere
1073 1419 1300 1461 Teuc1·os.“

136 1482 240 1524 dixit
265 1487 306 1523 et
330 1487 529 1537 exceptus
554 1486 671 1537 tergo
697 1489 896 1523 consueta
918 1482 1072 1523 locavit

135 1543 341 1598 membra,
367 1557 599 1597 manusque
624 1542 769 1585 ambas
793 1543 939 1585 iaculis
964 1544 1150 1585 oneravit
1174 1544 1320 1593 acutis,

135 1620 229 1646 aere
255 1611 379 1661 caput
403 1605 588 1661 fulgens,
616 1605 822 1659 cristaque
846 1605 1030 1648 hirsutus
1056 1606 1218 1660 equina.

136 1668 195 1709 sic
220 1682 386 1709 cursum
409 1667 452 1709 in
477 1668 635 1709 medios
660 1668 829 1723 rapidus
855 1668 980 1709 dedit.
1006 1675 1168 1710 aestuat
1190 1669 1338 1724 ingens

135 1744 217 1771 uno
241 1730 284 1771 in
309 1731 433 1772 corde
456 1731 591 1785 pudor
614 1731 825 1785 mixtoque
849 1730 1011 1772 insania
1033 1731 1160 1782 luctu,

135 1798 259 1846 atque
282 1791 349 1833 hic
374 1790 550 1833 Aenean
572 1807 725 1849 magna
749 1798 811 1834 ter
834 1807 936 1835 voce
961 1793 1137 1835 vocavit.

135 1854 303 1895 Aeneas
330 1854 529 1909 adgnovit
553 1854 680 1905 enim,
706 1854 923 1909 laetusque
946 1861 1157 1910 precaturz

138 1917 224 1965 „sie
247 1922 366 1971 pater
387 1916 456 1957 ille
481 1916 605 1958 deum
628 1916 772 1967 faciat,
800 1917 860 1959 sic
883 1917 991 1959 altus
1016 1916 1189 1973 Apollo!

135 1977 306 2032 incipias
332 1977 518 2020 conferre
541 1981 751 2020 manum.“

136 2045 295 2080 tantum
320 2040 469 2081 effatus
495 2046 536 2082 et
557 2040 711 2082 infesta
735 2040 847 2083 subit
870 2041 1019 2084 obvius
1044 2041 1177 2084 hasta.

134 2100 202 2143 ille
226 2108 383 2143 autem:
411 2101 538 2156 „quid
560 2117 628 2145 me
653 2109 813 2159 erepto,
840 2104 1103 2154 saevissime,
1129 2111 1227 2146 nato

135 2164 288 2205 terres?
311 2163 414 2206 haec
437 2165 506 2206 via
530 2165 618 2207 sola
642 2165 738 2216 fuit,
764 2180 848 2220 qua
870 2167 1043 2222 perdere
1067 2181 1227 2222 posses.

136 2239 212 2266 nec
234 2231 410 2267 mortem
433 2226 667 2276 horremus,
692 2242 771 2269 nec
794 2228 935 2270 divom
958 2228 1168 2283 parcimus
1193 2228 1278 2268 ulli.

136 2287 297 2337 desine,
321 2287 406 2329 iam
429 2288 551 2329 venio
573 2289 795 2330 moriturus
821 2295 863 2331 et
884 2290 989 2331 haec
1012 2289 1087 2331 tibi
1110 2297 1229 2344 porto

137 2349 246 2390 dona
268 2349 423 2404 prius.“
450 2350 572 2399 dixit,
598 2350 810 2405 telumque
833 2351 996 2394 intorsit
1019 2352 1063 2392 in
1085 2351 1268 2400 hostem3

137 2411 233 2452 inde
257 2410 370 2452 aliud
394 2426 520 2466 super
541 2417 665 2466 atque
689 2413 802 2454 aliud
824 2413 1016 2469 figitque,
1042 2413 1235 2467 volatque

136 2472 295 2528 ingenti
318 2488 442 2529 gyro,
469 2473 544 2515 sed
568 2474 743 2516 sustinet
766 2489 916 2517 aureus
941 2475 1080 2517 umbo.

138 2549 200 2576 ter
223 2535 379 2577 circum
404 2536 637 2577 adstantem
659 2536 802 2579 laevos
827 2537 1026 2591 equitavit
1049 2538 1093 2578 in
1117 2537 1238 2579 orbes

137 2597 219 2639 tela
241 2613 368 2639 manu
391 2598 565 2648 iaciens,
591 2604 654 2640 ter
677 2613 820 2641 secum
844 2599 996 2641 Troius
1021 2599 1143 2641 heros

137 2662 344 2703 inmanem
368 2668 507 2703 aerato
532 2662 769 2704 circumfert
793 2662 974 2719 tegmine
999 2662 1159 2704 silvam.

137 2722 233 2765 inde
257 2724 328 2766 ubi
353 2730 412 2766 tot
436 2725 612 2766 traxisse
637 2740 793 2775 moras,
819 2731 880 2767 tot
904 2725 1063 2780 spicula
1087 2725 1224 2766 taedet

139 2783 287 2826 vellere
312 2791 352 2827 et
375 2793 575 2842 urguetur
598 2801 742 2842 pugna
765 2801 1014 2842 congressus
1039 2787 1191 2840 iniqua,

1420 310 1503 352 297

1529 497 1595 530 850

1529 810 1594 841 855

1529 1122 1594 1152 860

1529 1433 1594 1464 865

1530 1745 1595 1775 870

1529 2054 1548 2084 8
1555 2057 1593 2086 ῖῘ)

1528 2365 1594 2396 880

1526 2675 1591 2707 885
