<?xml version="1.0" encoding="UTF-8"?>
<!DOCTYPE html PUBLIC "-//W3C//DTD XHTML 1.0 Transitional//EN"
    "http://www.w3.org/TR/xhtml1/DTD/xhtml1-transitional.dtd">
<html xmlns="http://www.w3.org/1999/xhtml" xml:lang="en" lang="en">
 <head>
  <title>
</title>
<meta http-equiv="Content-Type" content="text/html;charset=utf-8" />
  <meta name='ocr-system' content='tesseract 3.04.00' />
  <meta name='ocr-capabilities' content='ocr_page ocr_carea ocr_par ocr_line ocrx_word'/>
</head>
<body>
  <div class='ocr_page' id='page_1' title='image "./operavirg00virguoft_0305.png"; bbox 0 0 1800 3106; ppageno 0'>
   <div class='ocr_carea' id='block_1_1' title="bbox 560 267 1499 312">
    <p class='ocr_par' dir='ltr' id='par_1_1' title="bbox 560 267 1499 312">
     <span class='ocr_line' id='line_1_1' title="bbox 560 267 1499 312; baseline 0 -3"><span class='ocrx_word' id='word_1_1' title='bbox 560 272 819 311; x_wconf 87' lang='lat' dir='ltr'><strong>AENEIDOS</strong></span> <span class='ocrx_word' id='word_1_2' title='bbox 843 273 942 310; x_wconf 86' lang='lat' dir='ltr'><strong>LIB.</strong></span> <span class='ocrx_word' id='word_1_3' title='bbox 954 274 1078 312; x_wconf 80' lang='lat' dir='ltr'><strong>vnn.</strong></span> <span class='ocrx_word' id='word_1_4' title='bbox 1414 267 1499 309; x_wconf 84' lang='grc'><strong>273</strong></span> 
     </span>
    </p>
   </div>
   <div class='ocr_carea' id='block_1_2' title="bbox 127 376 1590 2845">
    <p class='ocr_par' dir='ltr' id='par_1_2' title="bbox 127 376 1590 2845">
     <span class='ocr_line' id='line_1_2' title="bbox 134 376 1589 435; baseline 0.004 -17"><span class='ocrx_word' id='word_1_5' title='bbox 134 391 325 432; x_wconf 84' lang='lat' dir='ltr'><strong>rumpere</strong></span> <span class='ocrx_word' id='word_1_6' title='bbox 350 376 530 419; x_wconf 90' lang='lat' dir='ltr'><strong>claustra</strong></span> <span class='ocrx_word' id='word_1_7' title='bbox 552 392 679 419; x_wconf 90' lang='lat' dir='ltr'><strong>manu</strong></span> <span class='ocrx_word' id='word_1_8' title='bbox 703 378 923 433; x_wconf 82' lang='lat' dir='ltr'><strong>sociosque</strong></span> <span class='ocrx_word' id='word_1_9' title='bbox 946 378 1151 421; x_wconf 82' lang='lat' dir='ltr'>inmittere</span> <span class='ocrx_word' id='word_1_10' title='bbox 1174 379 1318 435; x_wconf 79' lang='lat' dir='ltr'><strong>portiS,</strong></span> <span class='ocrx_word' id='word_1_11' title='bbox 1525 394 1589 424; x_wconf 79' lang='lat'><strong>755</strong></span> 
     </span>
     <span class='ocr_line' id='line_1_3' title="bbox 133 438 1049 496; baseline 0.003 -17"><span class='ocrx_word' id='word_1_12' title='bbox 133 438 304 481; x_wconf 89' lang='lat' dir='ltr'><strong>ultimus</strong></span> <span class='ocrx_word' id='word_1_13' title='bbox 327 439 396 481; x_wconf 90' lang='lat' dir='ltr'><strong>ille</strong></span> <span class='ocrx_word' id='word_1_14' title='bbox 420 439 508 481; x_wconf 87' lang='lat' dir='ltr'><strong>dies</strong></span> <span class='ocrx_word' id='word_1_15' title='bbox 533 439 643 482; x_wconf 86' lang='lat' dir='ltr'><strong>bello</strong></span> <span class='ocrx_word' id='word_1_16' title='bbox 666 441 864 496; x_wconf 89' lang='lat' dir='ltr'><strong>gentique</strong></span> <span class='ocrx_word' id='word_1_17' title='bbox 887 440 1049 483; x_wconf 80' lang='lat' dir='ltr'><strong>fuisset.</strong></span> 
     </span>
     <span class='ocr_line' id='line_1_4' title="bbox 134 501 1176 559; baseline 0.004 -17"><span class='ocrx_word' id='word_1_18' title='bbox 134 501 209 542; x_wconf 90' lang='lat' dir='ltr'><strong>sed</strong></span> <span class='ocrx_word' id='word_1_19' title='bbox 232 501 347 543; x_wconf 83' lang='lat' dir='ltr'><strong>furor</strong></span> <span class='ocrx_word' id='word_1_20' title='bbox 371 502 583 543; x_wconf 84' lang='lat' dir='ltr'><strong>ardentem</strong></span> <span class='ocrx_word' id='word_1_21' title='bbox 606 502 829 557; x_wconf 82' lang='lat' dir='ltr'><strong>caedisque</strong></span> <span class='ocrx_word' id='word_1_22' title='bbox 853 502 1001 545; x_wconf 86' lang='lat' dir='ltr'><strong>insana</strong></span> <span class='ocrx_word' id='word_1_23' title='bbox 1024 503 1176 559; x_wconf 89' lang='lat' dir='ltr'><strong>cupido</strong></span> 
     </span>
     <span class='ocr_line' id='line_1_5' title="bbox 133 562 521 618; baseline 0.005 -14"><span class='ocrx_word' id='word_1_24' title='bbox 133 562 219 618; x_wconf 85' lang='lat' dir='ltr'><strong>egit</strong></span> <span class='ocrx_word' id='word_1_25' title='bbox 241 563 286 604; x_wconf 92' lang='lat' dir='ltr'><strong>in</strong></span> <span class='ocrx_word' id='word_1_26' title='bbox 309 564 521 606; x_wconf 88' lang='lat' dir='ltr'><strong>adversos.</strong></span> 
     </span>
     <span class='ocr_line' id='line_1_6' title="bbox 131 625 1181 684; baseline 0.003 -18"><span class='ocrx_word' id='word_1_27' title='bbox 131 625 332 680; x_wconf 88' lang='lat' dir='ltr'><strong>principio</strong></span> <span class='ocrx_word' id='word_1_28' title='bbox 356 625 568 667; x_wconf 89' lang='lat' dir='ltr'><strong>Phalerim</strong></span> <span class='ocrx_word' id='word_1_29' title='bbox 592 632 634 668; x_wconf 91' lang='lat' dir='ltr'><strong>et</strong></span> <span class='ocrx_word' id='word_1_30' title='bbox 658 627 821 668; x_wconf 89' lang='lat' dir='ltr'><strong>succiso</strong></span> <span class='ocrx_word' id='word_1_31' title='bbox 844 626 1000 682; x_wconf 82' lang='lat' dir='ltr'><strong>poplite</strong></span> <span class='ocrx_word' id='word_1_32' title='bbox 1026 625 1181 684; x_wconf 84' lang='lat' dir='ltr'><strong>Gygen</strong></span> 
     </span>
     <span class='ocr_line' id='line_1_7' title="bbox 132 687 1590 745; baseline 0.004 -18"><span class='ocrx_word' id='word_1_33' title='bbox 132 687 303 742; x_wconf 84' lang='lat' dir='ltr'><strong>excipit,</strong></span> <span class='ocrx_word' id='word_1_34' title='bbox 328 687 425 729; x_wconf 87' lang='lat' dir='ltr'><strong>hinc</strong></span> <span class='ocrx_word' id='word_1_35' title='bbox 448 694 587 744; x_wconf 85' lang='lat' dir='ltr'><strong>raptas</strong></span> <span class='ocrx_word' id='word_1_36' title='bbox 612 688 871 744; x_wconf 83' lang='lat' dir='ltr'><strong>fugientibus</strong></span> <span class='ocrx_word' id='word_1_37' title='bbox 895 689 1046 745; x_wconf 87' lang='lat' dir='ltr'><strong>ingerit</strong></span> <span class='ocrx_word' id='word_1_38' title='bbox 1069 689 1213 731; x_wconf 87' lang='lat' dir='ltr'><strong>hastas</strong></span> <span class='ocrx_word' id='word_1_39' title='bbox 1525 705 1590 735; x_wconf 80' lang='lat'><strong>&#39;160</strong></span> 
     </span>
     <span class='ocr_line' id='line_1_8' title="bbox 131 749 1178 805; baseline 0.004 -16"><span class='ocrx_word' id='word_1_40' title='bbox 131 749 175 790; x_wconf 92' lang='lat' dir='ltr'><strong>in</strong></span> <span class='ocrx_word' id='word_1_41' title='bbox 199 755 362 805; x_wconf 86' lang='lat' dir='ltr'><strong>tergum</strong></span> <span class='ocrx_word' id='word_1_42' title='bbox 369 766 381 801; x_wconf 90' lang='lat'>;</span> <span class='ocrx_word' id='word_1_43' title='bbox 405 750 512 792; x_wconf 92' lang='lat' dir='ltr'><strong>Iuno</strong></span> <span class='ocrx_word' id='word_1_44' title='bbox 536 750 644 792; x_wconf 85' lang='lat' dir='ltr'><strong>vires</strong></span> <span class='ocrx_word' id='word_1_45' title='bbox 670 751 937 805; x_wconf 88' lang='lat' dir='ltr'><strong>animumque</strong></span> <span class='ocrx_word' id='word_1_46' title='bbox 961 751 1178 793; x_wconf 87' lang='lat' dir='ltr'><strong>ministrat.</strong></span> 
     </span>
     <span class='ocr_line' id='line_1_9' title="bbox 132 811 1274 870; baseline 0.004 -18"><span class='ocrx_word' id='word_1_47' title='bbox 132 811 245 853; x_wconf 84' lang='lat' dir='ltr'><strong>addit</strong></span> <span class='ocrx_word' id='word_1_48' title='bbox 268 812 428 867; x_wconf 84' lang='lat' dir='ltr'><strong>Halym</strong></span> <span class='ocrx_word' id='word_1_49' title='bbox 452 813 644 854; x_wconf 87' lang='lat' dir='ltr'><strong>comitem</strong></span> <span class='ocrx_word' id='word_1_50' title='bbox 669 819 710 854; x_wconf 91' lang='lat' dir='ltr'><strong>et</strong></span> <span class='ocrx_word' id='word_1_51' title='bbox 734 813 898 854; x_wconf 87' lang='lat' dir='ltr'><strong>confixa</strong></span> <span class='ocrx_word' id='word_1_52' title='bbox 920 813 1094 870; x_wconf 89' lang='lat' dir='ltr'><strong>Phegea</strong></span> <span class='ocrx_word' id='word_1_53' title='bbox 1115 828 1274 869; x_wconf 86' lang='lat' dir='ltr'><strong>parma,</strong></span> 
     </span>
     <span class='ocr_line' id='line_1_10' title="bbox 130 873 1151 930; baseline 0.004 -16"><span class='ocrx_word' id='word_1_54' title='bbox 130 873 297 929; x_wconf 84' lang='lat' dir='ltr'><strong>ignaros</strong></span> <span class='ocrx_word' id='word_1_55' title='bbox 323 874 471 917; x_wconf 89' lang='lat' dir='ltr'><strong>deinde</strong></span> <span class='ocrx_word' id='word_1_56' title='bbox 495 875 538 915; x_wconf 92' lang='lat' dir='ltr'><strong>in</strong></span> <span class='ocrx_word' id='word_1_57' title='bbox 561 875 690 917; x_wconf 87' lang='lat' dir='ltr'><strong>muris</strong></span> <span class='ocrx_word' id='word_1_58' title='bbox 714 874 981 930; x_wconf 85' lang='lat' dir='ltr'><strong>Martemque</strong></span> <span class='ocrx_word' id='word_1_59' title='bbox 1005 876 1151 918; x_wconf 81' lang='lat' dir='ltr'><strong>cientis</strong></span> 
     </span>
     <span class='ocr_line' id='line_1_11' title="bbox 129 934 1411 994; baseline 0.003 -18"><span class='ocrx_word' id='word_1_60' title='bbox 129 934 470 991; x_wconf 82' lang='lat' dir='ltr'><strong>Alcandrumque</strong></span> <span class='ocrx_word' id='word_1_61' title='bbox 494 936 752 991; x_wconf 85' lang='lat' dir='ltr'><strong>Haliumque</strong></span> <span class='ocrx_word' id='word_1_62' title='bbox 775 937 1074 992; x_wconf 86' lang='lat' dir='ltr'><strong>Noemonaque</strong></span> <span class='ocrx_word' id='word_1_63' title='bbox 1097 937 1411 994; x_wconf 89' lang='lat' dir='ltr'><strong>Prytanimque.</strong></span> 
     </span>
     <span class='ocr_line' id='line_1_12' title="bbox 127 996 1590 1054; baseline 0.004 -16"><span class='ocrx_word' id='word_1_64' title='bbox 127 996 303 1052; x_wconf 88' lang='lat' dir='ltr'><strong>Lyncea</strong></span> <span class='ocrx_word' id='word_1_65' title='bbox 327 999 563 1040; x_wconf 86' lang='lat' dir='ltr'><strong>tendentem</strong></span> <span class='ocrx_word' id='word_1_66' title='bbox 588 1005 731 1041; x_wconf 88' lang='lat' dir='ltr'><strong>contra</strong></span> <span class='ocrx_word' id='word_1_67' title='bbox 754 999 973 1054; x_wconf 86' lang='lat' dir='ltr'><strong>sociosque</strong></span> <span class='ocrx_word' id='word_1_68' title='bbox 997 1006 1215 1042; x_wconf 89' lang='lat' dir='ltr'><strong>vocantem</strong></span> <span class='ocrx_word' id='word_1_69' title='bbox 1526 1015 1590 1045; x_wconf 75' lang='lat'><strong>765</strong></span> 
     </span>
     <span class='ocr_line' id='line_1_13' title="bbox 130 1058 1125 1118; baseline 0.003 -18"><span class='ocrx_word' id='word_1_70' title='bbox 130 1058 309 1101; x_wconf 87' lang='lat' dir='ltr'><strong>vibranti</strong></span> <span class='ocrx_word' id='word_1_71' title='bbox 331 1059 471 1116; x_wconf 86' lang='lat' dir='ltr'><strong>gladio</strong></span> <span class='ocrx_word' id='word_1_72' title='bbox 496 1061 698 1103; x_wconf 83' lang='lat' dir='ltr'><strong>connixus</strong></span> <span class='ocrx_word' id='word_1_73' title='bbox 723 1060 776 1103; x_wconf 87' lang='lat' dir='ltr'><strong>ab</strong></span> <span class='ocrx_word' id='word_1_74' title='bbox 801 1076 955 1118; x_wconf 84' lang='lat' dir='ltr'><strong>aggere</strong></span> <span class='ocrx_word' id='word_1_75' title='bbox 979 1061 1125 1103; x_wconf 85' lang='lat' dir='ltr'><strong>dexter</strong></span> 
     </span>
     <span class='ocr_line' id='line_1_14' title="bbox 129 1122 1150 1177; baseline 0.002 -14"><span class='ocrx_word' id='word_1_76' title='bbox 129 1127 302 1177; x_wconf 90' lang='lat' dir='ltr'><strong>occupat</strong></span> <span class='ocrx_word' id='word_1_77' title='bbox 310 1138 322 1172; x_wconf 92' lang='lat'>;</span> <span class='ocrx_word' id='word_1_78' title='bbox 346 1122 444 1164; x_wconf 90' lang='lat' dir='ltr'><strong>huic</strong></span> <span class='ocrx_word' id='word_1_79' title='bbox 466 1138 551 1164; x_wconf 90' lang='lat' dir='ltr'><strong>uno</strong></span> <span class='ocrx_word' id='word_1_80' title='bbox 575 1123 782 1165; x_wconf 90' lang='lat' dir='ltr'><strong>deiectum</strong></span> <span class='ocrx_word' id='word_1_81' title='bbox 806 1123 1038 1165; x_wconf 88' lang='lat' dir='ltr'><strong>comminus</strong></span> <span class='ocrx_word' id='word_1_82' title='bbox 1063 1123 1150 1165; x_wconf 89' lang='lat' dir='ltr'><strong>ictu</strong></span> 
     </span>
     <span class='ocr_line' id='line_1_15' title="bbox 130 1183 1156 1241; baseline 0.003 -17"><span class='ocrx_word' id='word_1_83' title='bbox 130 1197 226 1225; x_wconf 89' lang='lat' dir='ltr'><strong>cum</strong></span> <span class='ocrx_word' id='word_1_84' title='bbox 248 1183 370 1240; x_wconf 85' lang='lat' dir='ltr'><strong>galea</strong></span> <span class='ocrx_word' id='word_1_85' title='bbox 391 1184 516 1241; x_wconf 89' lang='lat' dir='ltr'><strong>longe</strong></span> <span class='ocrx_word' id='word_1_86' title='bbox 539 1185 666 1227; x_wconf 82' lang='lat' dir='ltr'><strong>iacuit</strong></span> <span class='ocrx_word' id='word_1_87' title='bbox 689 1191 826 1241; x_wconf 88' lang='lat' dir='ltr'><strong>caput.</strong></span> <span class='ocrx_word' id='word_1_88' title='bbox 851 1186 949 1227; x_wconf 90' lang='lat' dir='ltr'><strong>inde</strong></span> <span class='ocrx_word' id='word_1_89' title='bbox 972 1185 1156 1228; x_wconf 87' lang='lat' dir='ltr'><strong>ferarum</strong></span> 
     </span>
     <span class='ocr_line' id='line_1_16' title="bbox 128 1245 1158 1302; baseline 0.003 -16"><span class='ocrx_word' id='word_1_90' title='bbox 128 1251 380 1288; x_wconf 78' lang='lat' dir='ltr'><strong>vastatorem</strong></span> <span class='ocrx_word' id='word_1_91' title='bbox 402 1245 634 1302; x_wconf 88' lang='lat' dir='ltr'><strong>Amycum,</strong></span> <span class='ocrx_word' id='word_1_92' title='bbox 659 1261 741 1301; x_wconf 93' lang='lat' dir='ltr'><strong>quo</strong></span> <span class='ocrx_word' id='word_1_93' title='bbox 763 1263 849 1290; x_wconf 88' lang='lat' dir='ltr'><strong>non</strong></span> <span class='ocrx_word' id='word_1_94' title='bbox 871 1247 1031 1290; x_wconf 86' lang='lat' dir='ltr'><strong>felicior</strong></span> <span class='ocrx_word' id='word_1_95' title='bbox 1054 1247 1158 1289; x_wconf 83' lang='lat' dir='ltr'><strong>alter</strong></span> 
     </span>
     <span class='ocr_line' id='line_1_17' title="bbox 129 1307 1590 1364; baseline 0.003 -16"><span class='ocrx_word' id='word_1_96' title='bbox 129 1322 315 1364; x_wconf 86' lang='lat' dir='ltr'><strong>unguere</strong></span> <span class='ocrx_word' id='word_1_97' title='bbox 339 1307 422 1350; x_wconf 89' lang='lat' dir='ltr'><strong>tela</strong></span> <span class='ocrx_word' id='word_1_98' title='bbox 450 1324 578 1350; x_wconf 89' lang='lat' dir='ltr'><strong>manu</strong></span> <span class='ocrx_word' id='word_1_99' title='bbox 600 1308 838 1363; x_wconf 87' lang='lat' dir='ltr'><strong>ferrumque</strong></span> <span class='ocrx_word' id='word_1_100' title='bbox 863 1324 1022 1351; x_wconf 89' lang='lat' dir='ltr'><strong>armare</strong></span> <span class='ocrx_word' id='word_1_101' title='bbox 1049 1324 1223 1360; x_wconf 89' lang='lat' dir='ltr'><strong>veneno,</strong></span> <span class='ocrx_word' id='word_1_102' title='bbox 1526 1324 1590 1354; x_wconf 76' lang='grc'><strong>770</strong></span> 
     </span>
     <span class='ocr_line' id='line_1_18' title="bbox 130 1367 1263 1424; baseline 0.003 -14"><span class='ocrx_word' id='word_1_103' title='bbox 130 1374 172 1410; x_wconf 91' lang='lat' dir='ltr'><strong>et</strong></span> <span class='ocrx_word' id='word_1_104' title='bbox 196 1368 383 1424; x_wconf 89' lang='lat' dir='ltr'><strong>Clytium</strong></span> <span class='ocrx_word' id='word_1_105' title='bbox 405 1367 614 1411; x_wconf 89' lang='lat' dir='ltr'><strong>Aeoliden</strong></span> <span class='ocrx_word' id='word_1_106' title='bbox 637 1376 678 1412; x_wconf 91' lang='lat' dir='ltr'><strong>et</strong></span> <span class='ocrx_word' id='word_1_107' title='bbox 701 1371 882 1412; x_wconf 88' lang='lat' dir='ltr'><strong>amicum</strong></span> <span class='ocrx_word' id='word_1_108' title='bbox 907 1370 1088 1413; x_wconf 87' lang='lat' dir='ltr'><strong>Crethea</strong></span> <span class='ocrx_word' id='word_1_109' title='bbox 1109 1370 1263 1421; x_wconf 88' lang='lat' dir='ltr'><strong>Musis,</strong></span> 
     </span>
     <span class='ocr_line' id='line_1_19' title="bbox 132 1429 1284 1487; baseline 0.002 -15"><span class='ocrx_word' id='word_1_110' title='bbox 132 1429 313 1473; x_wconf 88' lang='lat' dir='ltr'><strong>Crethea</strong></span> <span class='ocrx_word' id='word_1_111' title='bbox 335 1430 558 1473; x_wconf 87' lang='lat' dir='ltr'><strong>Musarum</strong></span> <span class='ocrx_word' id='word_1_112' title='bbox 581 1431 793 1482; x_wconf 91' lang='lat' dir='ltr'><strong>comitem,</strong></span> <span class='ocrx_word' id='word_1_113' title='bbox 819 1432 887 1474; x_wconf 89' lang='lat' dir='ltr'><strong>cui</strong></span> <span class='ocrx_word' id='word_1_114' title='bbox 910 1432 1094 1474; x_wconf 82' lang='lat' dir='ltr'><strong>carmina.</strong></span> <span class='ocrx_word' id='word_1_115' title='bbox 1117 1447 1284 1487; x_wconf 88' lang='lat' dir='ltr'><strong>semper</strong></span> 
     </span>
     <span class='ocr_line' id='line_1_20' title="bbox 130 1493 1253 1548; baseline 0.001 -14"><span class='ocrx_word' id='word_1_116' title='bbox 130 1498 172 1535; x_wconf 92' lang='lat' dir='ltr'><strong>et</strong></span> <span class='ocrx_word' id='word_1_117' title='bbox 195 1493 374 1535; x_wconf 89' lang='lat' dir='ltr'><strong>citharae</strong></span> <span class='ocrx_word' id='word_1_118' title='bbox 400 1493 532 1544; x_wconf 89' lang='lat' dir='ltr'><strong>cordi,</strong></span> <span class='ocrx_word' id='word_1_119' title='bbox 557 1508 834 1548; x_wconf 90' lang='lat' dir='ltr'><strong>numerosque</strong></span> <span class='ocrx_word' id='word_1_120' title='bbox 857 1494 1071 1535; x_wconf 89' lang='lat' dir='ltr'><strong>intendere</strong></span> <span class='ocrx_word' id='word_1_121' title='bbox 1094 1494 1253 1544; x_wconf 85' lang='lat' dir='ltr'><strong>nervis3</strong></span> 
     </span>
     <span class='ocr_line' id='line_1_21' title="bbox 131 1556 1382 1613; baseline 0.001 -15"><span class='ocrx_word' id='word_1_122' title='bbox 131 1571 296 1612; x_wconf 87' lang='lat' dir='ltr'><strong>semper</strong></span> <span class='ocrx_word' id='word_1_123' title='bbox 319 1571 449 1610; x_wconf 91' lang='lat' dir='ltr'><strong>equos</strong></span> <span class='ocrx_word' id='word_1_124' title='bbox 475 1562 600 1611; x_wconf 90' lang='lat' dir='ltr'><strong>atque</strong></span> <span class='ocrx_word' id='word_1_125' title='bbox 625 1572 741 1598; x_wconf 89' lang='lat' dir='ltr'><strong>arma</strong></span> <span class='ocrx_word' id='word_1_126' title='bbox 763 1557 899 1598; x_wconf 89' lang='lat' dir='ltr'><strong>virum</strong></span> <span class='ocrx_word' id='word_1_127' title='bbox 922 1571 1170 1613; x_wconf 82' lang='lat' dir='ltr'><strong>pugnasque</strong></span> <span class='ocrx_word' id='word_1_128' title='bbox 1194 1556 1382 1599; x_wconf 82' lang='lat' dir='ltr'><strong>canebat.</strong></span> 
     </span>
     <span class='ocr_line' id='line_1_22' title="bbox 187 1618 1589 1662; baseline 0.001 -2"><span class='ocrx_word' id='word_1_129' title='bbox 187 1618 379 1660; x_wconf 86' lang='lat' dir='ltr'><strong>Tandem</strong></span> <span class='ocrx_word' id='word_1_130' title='bbox 402 1618 595 1660; x_wconf 87' lang='lat' dir='ltr'><strong>ductores</strong></span> <span class='ocrx_word' id='word_1_131' title='bbox 620 1618 761 1660; x_wconf 81' lang='lat' dir='ltr'><strong>audita</strong></span> <span class='ocrx_word' id='word_1_132' title='bbox 785 1618 912 1660; x_wconf 90' lang='lat' dir='ltr'><strong>caede</strong></span> <span class='ocrx_word' id='word_1_133' title='bbox 937 1633 1107 1660; x_wconf 91' lang='lat' dir='ltr'><strong>suorum</strong></span> <span class='ocrx_word' id='word_1_134' title='bbox 1526 1633 1589 1662; x_wconf 79' lang='lat'><strong>775</strong></span> 
     </span>
     <span class='ocr_line' id='line_1_23' title="bbox 130 1679 1282 1735; baseline -0.001 -12"><span class='ocrx_word' id='word_1_135' title='bbox 130 1680 381 1729; x_wconf 84' lang='lat' dir='ltr'><strong>conveniunt</strong></span> <span class='ocrx_word' id='word_1_136' title='bbox 404 1680 574 1731; x_wconf 85' lang='lat' dir='ltr'><strong>Teucri,</strong></span> <span class='ocrx_word' id='word_1_137' title='bbox 598 1680 847 1723; x_wconf 88' lang='lat' dir='ltr'><strong>Mnestheus</strong></span> <span class='ocrx_word' id='word_1_138' title='bbox 872 1695 1048 1735; x_wconf 90' lang='lat' dir='ltr'><strong>acerque</strong></span> <span class='ocrx_word' id='word_1_139' title='bbox 1074 1679 1282 1731; x_wconf 88' lang='lat' dir='ltr'><strong>Serestus,</strong></span> 
     </span>
     <span class='ocr_line' id='line_1_24' title="bbox 130 1742 1235 1800; baseline 0 -16"><span class='ocrx_word' id='word_1_140' title='bbox 130 1742 392 1800; x_wconf 82' lang='lat' dir='ltr'><strong>palantisque</strong></span> <span class='ocrx_word' id='word_1_141' title='bbox 415 1742 558 1784; x_wconf 85' lang='lat' dir='ltr'><strong>vident</strong></span> <span class='ocrx_word' id='word_1_142' title='bbox 582 1742 718 1785; x_wconf 90' lang='lat' dir='ltr'><strong>socios</strong></span> <span class='ocrx_word' id='word_1_143' title='bbox 742 1742 987 1797; x_wconf 90' lang='lat' dir='ltr'><strong>hostemque</strong></span> <span class='ocrx_word' id='word_1_144' title='bbox 1010 1748 1235 1799; x_wconf 89' lang='lat' dir='ltr'><strong>receptum.</strong></span> 
     </span>
     <span class='ocr_line' id='line_1_25' title="bbox 131 1804 1496 1861; baseline -0.001 -15"><span class='ocrx_word' id='word_1_145' title='bbox 131 1811 172 1847; x_wconf 92' lang='lat' dir='ltr'><strong>et</strong></span> <span class='ocrx_word' id='word_1_146' title='bbox 194 1804 462 1846; x_wconf 88' lang='lat' dir='ltr'><strong>Mnestheus:</strong></span> <span class='ocrx_word' id='word_1_147' title='bbox 490 1819 599 1858; x_wconf 90' lang='lat' dir='ltr'><strong>„quo</strong></span> <span class='ocrx_word' id='word_1_148' title='bbox 623 1805 772 1846; x_wconf 90' lang='lat' dir='ltr'><strong>deinde</strong></span> <span class='ocrx_word' id='word_1_149' title='bbox 797 1805 960 1861; x_wconf 87' lang='lat' dir='ltr'><strong>fugam,</strong></span> <span class='ocrx_word' id='word_1_150' title='bbox 987 1819 1070 1859; x_wconf 93' lang='lat' dir='ltr'><strong>quo</strong></span> <span class='ocrx_word' id='word_1_151' title='bbox 1095 1804 1320 1846; x_wconf 85' lang='lat' dir='ltr'><strong>tenditis?“</strong></span> <span class='ocrx_word' id='word_1_152' title='bbox 1351 1805 1496 1859; x_wconf 83' lang='lat' dir='ltr'><strong>inquit.</strong></span> 
     </span>
     <span class='ocr_line' id='line_1_26' title="bbox 133 1866 1351 1921; baseline -0.001 -13"><span class='ocrx_word' id='word_1_153' title='bbox 133 1881 265 1921; x_wconf 88' lang='lat' dir='ltr'><strong>„quos</strong></span> <span class='ocrx_word' id='word_1_154' title='bbox 290 1866 393 1908; x_wconf 85' lang='lat' dir='ltr'><strong>alios</strong></span> <span class='ocrx_word' id='word_1_155' title='bbox 418 1881 579 1917; x_wconf 90' lang='lat' dir='ltr'><strong>muros,</strong></span> <span class='ocrx_word' id='word_1_156' title='bbox 605 1880 712 1920; x_wconf 90' lang='lat' dir='ltr'><strong>quae</strong></span> <span class='ocrx_word' id='word_1_157' title='bbox 735 1866 820 1908; x_wconf 90' lang='lat' dir='ltr'><strong>iam</strong></span> <span class='ocrx_word' id='word_1_158' title='bbox 843 1867 952 1908; x_wconf 91' lang='lat' dir='ltr'><strong>ultra</strong></span> <span class='ocrx_word' id='word_1_159' title='bbox 975 1867 1139 1909; x_wconf 88' lang='lat' dir='ltr'><strong>moenia</strong></span> <span class='ocrx_word' id='word_1_160' title='bbox 1162 1866 1351 1908; x_wconf 85' lang='lat' dir='ltr'><strong>habetis?</strong></span> 
     </span>
     <span class='ocr_line' id='line_1_27' title="bbox 130 1928 1589 1984; baseline 0.001 -14"><span class='ocrx_word' id='word_1_161' title='bbox 130 1944 239 1971; x_wconf 89' lang='lat' dir='ltr'><strong>unus</strong></span> <span class='ocrx_word' id='word_1_162' title='bbox 263 1928 388 1970; x_wconf 92' lang='lat' dir='ltr'><strong>homo</strong></span> <span class='ocrx_word' id='word_1_163' title='bbox 412 1934 455 1970; x_wconf 86' lang='lat' dir='ltr'><strong>et</strong></span> <span class='ocrx_word' id='word_1_164' title='bbox 477 1928 647 1979; x_wconf 90' lang='lat' dir='ltr'><strong>vestris,</strong></span> <span class='ocrx_word' id='word_1_165' title='bbox 673 1943 697 1971; x_wconf 93' lang='grc' dir='ltr'>ο</span> <span class='ocrx_word' id='word_1_166' title='bbox 722 1929 854 1979; x_wconf 86' lang='lat' dir='ltr'><strong>cives,</strong></span> <span class='ocrx_word' id='word_1_167' title='bbox 880 1929 1063 1983; x_wconf 87' lang='lat' dir='ltr'><strong>undique</strong></span> <span class='ocrx_word' id='word_1_168' title='bbox 1089 1934 1257 1984; x_wconf 88' lang='lat' dir='ltr'><strong>saeptus</strong></span> <span class='ocrx_word' id='word_1_169' title='bbox 1524 1941 1589 1972; x_wconf 80' lang='lat'><strong>780</strong></span> 
     </span>
     <span class='ocr_line' id='line_1_28' title="bbox 132 1990 1153 2048; baseline 0 -16"><span class='ocrx_word' id='word_1_170' title='bbox 132 1990 357 2047; x_wconf 86' lang='lat' dir='ltr'><strong>aggeribus</strong></span> <span class='ocrx_word' id='word_1_171' title='bbox 383 1997 518 2033; x_wconf 87' lang='lat' dir='ltr'><strong>tantas</strong></span> <span class='ocrx_word' id='word_1_172' title='bbox 545 1997 706 2048; x_wconf 87' lang='lat' dir='ltr'><strong>strages</strong></span> <span class='ocrx_word' id='word_1_173' title='bbox 729 1991 884 2047; x_wconf 90' lang='lat' dir='ltr'><strong>inpune</strong></span> <span class='ocrx_word' id='word_1_174' title='bbox 908 2006 983 2047; x_wconf 91' lang='lat' dir='ltr'><strong>per</strong></span> <span class='ocrx_word' id='word_1_175' title='bbox 1005 1991 1153 2034; x_wconf 84' lang='lat' dir='ltr'><strong>urbem</strong></span> 
     </span>
     <span class='ocr_line' id='line_1_29' title="bbox 132 2053 1159 2110; baseline 0 -15"><span class='ocrx_word' id='word_1_176' title='bbox 132 2054 328 2096; x_wconf 82' lang='lat' dir='ltr'><strong>ediderit?</strong></span> <span class='ocrx_word' id='word_1_177' title='bbox 351 2054 548 2096; x_wconf 89' lang='lat' dir='ltr'><strong>iuvenum</strong></span> <span class='ocrx_word' id='word_1_178' title='bbox 570 2055 727 2110; x_wconf 89' lang='lat' dir='ltr'><strong>primos</strong></span> <span class='ocrx_word' id='word_1_179' title='bbox 752 2060 812 2097; x_wconf 90' lang='lat' dir='ltr'><strong>tot</strong></span> <span class='ocrx_word' id='word_1_180' title='bbox 835 2055 993 2096; x_wconf 88' lang='lat' dir='ltr'><strong>miserit</strong></span> <span class='ocrx_word' id='word_1_181' title='bbox 1018 2053 1159 2097; x_wconf 82' lang='lat' dir='ltr'><strong>Orco?</strong></span> 
     </span>
     <span class='ocr_line' id='line_1_30' title="bbox 130 2115 1083 2172; baseline 0.002 -15"><span class='ocrx_word' id='word_1_182' title='bbox 130 2130 214 2158; x_wconf 91' lang='lat' dir='ltr'><strong>non</strong></span> <span class='ocrx_word' id='word_1_183' title='bbox 236 2115 413 2158; x_wconf 89' lang='lat' dir='ltr'><strong>infelicis</strong></span> <span class='ocrx_word' id='word_1_184' title='bbox 436 2115 594 2172; x_wconf 88' lang='lat' dir='ltr'><strong>patriae</strong></span> <span class='ocrx_word' id='word_1_185' title='bbox 617 2122 886 2170; x_wconf 89' lang='lat' dir='ltr'><strong>veterumque</strong></span> <span class='ocrx_word' id='word_1_186' title='bbox 911 2117 1083 2161; x_wconf 83' lang='lat' dir='ltr'><strong>deorum</strong></span> 
     </span>
     <span class='ocr_line' id='line_1_31' title="bbox 132 2177 1313 2234; baseline -0.001 -15"><span class='ocrx_word' id='word_1_187' title='bbox 132 2185 174 2219; x_wconf 91' lang='lat' dir='ltr'><strong>et</strong></span> <span class='ocrx_word' id='word_1_188' title='bbox 197 2178 339 2233; x_wconf 86' lang='lat' dir='ltr'><strong>magni</strong></span> <span class='ocrx_word' id='word_1_189' title='bbox 361 2177 552 2228; x_wconf 90' lang='lat' dir='ltr'><strong>Aeneae,</strong></span> <span class='ocrx_word' id='word_1_190' title='bbox 579 2192 748 2234; x_wconf 89' lang='lat' dir='ltr'><strong>segnes,</strong></span> <span class='ocrx_word' id='word_1_191' title='bbox 774 2179 1024 2232; x_wconf 85' lang='lat' dir='ltr'><strong>miseretque</strong></span> <span class='ocrx_word' id='word_1_192' title='bbox 1046 2177 1313 2233; x_wconf 84' lang='lat' dir='ltr'><strong>pudetque?“</strong></span> 
     </span>
     <span class='ocr_line' id='line_1_32' title="bbox 132 2238 1588 2295; baseline 0.001 -15"><span class='ocrx_word' id='word_1_193' title='bbox 132 2238 284 2280; x_wconf 84' lang='lat' dir='ltr'><strong>talibus</strong></span> <span class='ocrx_word' id='word_1_194' title='bbox 309 2239 473 2280; x_wconf 88' lang='lat' dir='ltr'><strong>accensi</strong></span> <span class='ocrx_word' id='word_1_195' title='bbox 495 2239 711 2280; x_wconf 90' lang='lat' dir='ltr'><strong>firmantur</strong></span> <span class='ocrx_word' id='word_1_196' title='bbox 733 2245 775 2280; x_wconf 90' lang='lat' dir='ltr'><strong>et</strong></span> <span class='ocrx_word' id='word_1_197' title='bbox 798 2240 964 2295; x_wconf 85' lang='lat' dir='ltr'><strong>agmine</strong></span> <span class='ocrx_word' id='word_1_198' title='bbox 988 2240 1118 2280; x_wconf 90' lang='lat' dir='ltr'><strong>denso</strong></span> <span class='ocrx_word' id='word_1_199' title='bbox 1525 2251 1588 2281; x_wconf 73' lang='lat'><strong>785</strong></span> 
     </span>
     <span class='ocr_line' id='line_1_33' title="bbox 134 2299 1204 2356; baseline 0 -14"><span class='ocrx_word' id='word_1_200' title='bbox 134 2300 378 2342; x_wconf 87' lang='lat' dir='ltr'><strong>consistunt.</strong></span> <span class='ocrx_word' id='word_1_201' title='bbox 404 2299 572 2341; x_wconf 88' lang='lat' dir='ltr'><strong>Turnus</strong></span> <span class='ocrx_word' id='word_1_202' title='bbox 596 2300 812 2355; x_wconf 88' lang='lat' dir='ltr'><strong>paullatim</strong></span> <span class='ocrx_word' id='word_1_203' title='bbox 836 2301 1035 2342; x_wconf 86' lang='lat' dir='ltr'><strong>excedere</strong></span> <span class='ocrx_word' id='word_1_204' title='bbox 1059 2315 1204 2356; x_wconf 82' lang='lat' dir='ltr'><strong>pugna.</strong></span> 
     </span>
     <span class='ocr_line' id='line_1_34' title="bbox 134 2360 1290 2417; baseline -0.001 -15"><span class='ocrx_word' id='word_1_205' title='bbox 134 2368 176 2403; x_wconf 88' lang='lat' dir='ltr'><strong>et</strong></span> <span class='ocrx_word' id='word_1_206' title='bbox 198 2361 371 2403; x_wconf 87' lang='lat' dir='ltr'><strong>fluvium</strong></span> <span class='ocrx_word' id='word_1_207' title='bbox 393 2366 534 2415; x_wconf 89' lang='lat' dir='ltr'><strong>petere</strong></span> <span class='ocrx_word' id='word_1_208' title='bbox 558 2375 607 2402; x_wconf 92' lang='lat' dir='ltr'><strong>ac</strong></span> <span class='ocrx_word' id='word_1_209' title='bbox 630 2367 809 2416; x_wconf 87' lang='lat' dir='ltr'><strong>partem,</strong></span> <span class='ocrx_word' id='word_1_210' title='bbox 834 2376 941 2415; x_wconf 91' lang='lat' dir='ltr'><strong>quae</strong></span> <span class='ocrx_word' id='word_1_211' title='bbox 965 2361 1144 2417; x_wconf 83' lang='lat' dir='ltr'><strong>cingitur</strong></span> <span class='ocrx_word' id='word_1_212' title='bbox 1167 2360 1290 2402; x_wconf 88' lang='lat' dir='ltr'><strong>unda.</strong></span> 
     </span>
     <span class='ocr_line' id='line_1_35' title="bbox 134 2422 1194 2478; baseline -0.003 -12"><span class='ocrx_word' id='word_1_213' title='bbox 134 2423 270 2466; x_wconf 86' lang='lat' dir='ltr'><strong>acrius</strong></span> <span class='ocrx_word' id='word_1_214' title='bbox 294 2423 375 2465; x_wconf 91' lang='lat' dir='ltr'><strong>hoc</strong></span> <span class='ocrx_word' id='word_1_215' title='bbox 399 2422 551 2464; x_wconf 85' lang='lat' dir='ltr'><strong>Teucri</strong></span> <span class='ocrx_word' id='word_1_216' title='bbox 576 2423 754 2464; x_wconf 89' lang='lat' dir='ltr'><strong>clamore</strong></span> <span class='ocrx_word' id='word_1_217' title='bbox 777 2422 1016 2464; x_wconf 89' lang='lat' dir='ltr'><strong>incumbere</strong></span> <span class='ocrx_word' id='word_1_218' title='bbox 1040 2437 1194 2478; x_wconf 85' lang='lat' dir='ltr'><strong>magno</strong></span> 
     </span>
     <span class='ocr_line' id='line_1_36' title="bbox 135 2483 1271 2542; baseline -0.003 -15"><span class='ocrx_word' id='word_1_219' title='bbox 135 2492 176 2528; x_wconf 92' lang='lat' dir='ltr'><strong>et</strong></span> <span class='ocrx_word' id='word_1_220' title='bbox 199 2485 430 2542; x_wconf 89' lang='lat' dir='ltr'><strong>glomerare</strong></span> <span class='ocrx_word' id='word_1_221' title='bbox 454 2499 641 2534; x_wconf 88' lang='lat' dir='ltr'><strong>manum,</strong></span> <span class='ocrx_word' id='word_1_222' title='bbox 668 2499 745 2526; x_wconf 90' lang='lat' dir='ltr'><strong>ceu</strong></span> <span class='ocrx_word' id='word_1_223' title='bbox 769 2499 940 2526; x_wconf 69' lang='lat' dir='ltr'><strong>saewim</strong></span> <span class='ocrx_word' id='word_1_224' title='bbox 964 2483 1085 2525; x_wconf 87' lang='lat' dir='ltr'><strong>turba</strong></span> <span class='ocrx_word' id='word_1_225' title='bbox 1107 2484 1271 2525; x_wconf 88' lang='lat' dir='ltr'><strong>leonem</strong></span> 
     </span>
     <span class='ocr_line' id='line_1_37' title="bbox 136 2545 1590 2602; baseline 0 -13"><span class='ocrx_word' id='word_1_226' title='bbox 136 2563 232 2590; x_wconf 92' lang='lat' dir='ltr'><strong>cum</strong></span> <span class='ocrx_word' id='word_1_227' title='bbox 254 2547 346 2589; x_wconf 86' lang='lat' dir='ltr'><strong>telis</strong></span> <span class='ocrx_word' id='word_1_228' title='bbox 370 2546 522 2602; x_wconf 88' lang='lat' dir='ltr'><strong>premit</strong></span> <span class='ocrx_word' id='word_1_229' title='bbox 543 2546 738 2596; x_wconf 84' lang='lat' dir='ltr'><strong>infensis;</strong></span> <span class='ocrx_word' id='word_1_230' title='bbox 763 2552 805 2587; x_wconf 88' lang='lat' dir='ltr'><strong>at</strong></span> <span class='ocrx_word' id='word_1_231' title='bbox 829 2545 993 2587; x_wconf 85' lang='lat' dir='ltr'><strong>territus</strong></span> <span class='ocrx_word' id='word_1_232' title='bbox 1017 2545 1099 2595; x_wconf 88' lang='lat' dir='ltr'><strong>ille,</strong></span> <span class='ocrx_word' id='word_1_233' title='bbox 1525 2559 1590 2589; x_wconf 85' lang='grc'><strong>790</strong></span> 
     </span>
     <span class='ocr_line' id='line_1_38' title="bbox 136 2607 1260 2665; baseline -0.004 -13"><span class='ocrx_word' id='word_1_234' title='bbox 136 2624 276 2665; x_wconf 86' lang='lat' dir='ltr'><strong>asper,</strong></span> <span class='ocrx_word' id='word_1_235' title='bbox 301 2608 451 2651; x_wconf 90' lang='lat' dir='ltr'><strong>acerba</strong></span> <span class='ocrx_word' id='word_1_236' title='bbox 474 2615 613 2658; x_wconf 85' lang='lat' dir='ltr'><strong>tuens,</strong></span> <span class='ocrx_word' id='word_1_237' title='bbox 638 2614 746 2650; x_wconf 87' lang='lat' dir='ltr'><strong>retro</strong></span> <span class='ocrx_word' id='word_1_238' title='bbox 770 2607 894 2657; x_wconf 87' lang='lat' dir='ltr'><strong>redit,</strong></span> <span class='ocrx_word' id='word_1_239' title='bbox 921 2613 961 2648; x_wconf 89' lang='lat' dir='ltr'><strong>et</strong></span> <span class='ocrx_word' id='word_1_240' title='bbox 984 2621 1119 2661; x_wconf 92' lang='lat' dir='ltr'><strong>neque</strong></span> <span class='ocrx_word' id='word_1_241' title='bbox 1143 2612 1260 2662; x_wconf 87' lang='lat' dir='ltr'><strong>terga</strong></span> 
     </span>
     <span class='ocr_line' id='line_1_39' title="bbox 136 2669 1220 2725; baseline -0.004 -11"><span class='ocrx_word' id='word_1_242' title='bbox 136 2673 197 2714; x_wconf 87' lang='lat' dir='ltr'><strong>ira.</strong></span> <span class='ocrx_word' id='word_1_243' title='bbox 220 2672 317 2713; x_wconf 90' lang='lat' dir='ltr'><strong>dare</strong></span> <span class='ocrx_word' id='word_1_244' title='bbox 342 2678 412 2714; x_wconf 90' lang='lat' dir='ltr'><strong>aut</strong></span> <span class='ocrx_word' id='word_1_245' title='bbox 436 2670 565 2712; x_wconf 86' lang='lat' dir='ltr'><strong>virtus</strong></span> <span class='ocrx_word' id='word_1_246' title='bbox 590 2670 760 2725; x_wconf 83' lang='lat' dir='ltr'><strong>patitur,</strong></span> <span class='ocrx_word' id='word_1_247' title='bbox 785 2684 863 2711; x_wconf 89' lang='lat' dir='ltr'><strong>ncc</strong></span> <span class='ocrx_word' id='word_1_248' title='bbox 885 2669 1054 2711; x_wconf 89' lang='lat' dir='ltr'><strong>tendere</strong></span> <span class='ocrx_word' id='word_1_249' title='bbox 1078 2675 1220 2710; x_wconf 87' lang='lat' dir='ltr'><strong>contra</strong></span> 
     </span>
     <span class='ocr_line' id='line_1_40' title="bbox 137 2730 1346 2788; baseline -0.003 -13"><span class='ocrx_word' id='word_1_250' title='bbox 137 2734 205 2775; x_wconf 87' lang='lat' dir='ltr'><strong>ille</strong></span> <span class='ocrx_word' id='word_1_251' title='bbox 229 2733 397 2787; x_wconf 85' lang='lat' dir='ltr'><strong>quidem</strong></span> <span class='ocrx_word' id='word_1_252' title='bbox 420 2732 499 2775; x_wconf 90' lang='lat' dir='ltr'><strong>hoc</strong></span> <span class='ocrx_word' id='word_1_253' title='bbox 524 2733 694 2788; x_wconf 88' lang='lat' dir='ltr'><strong>cupiens</strong></span> <span class='ocrx_word' id='word_1_254' title='bbox 717 2731 827 2787; x_wconf 88' lang='lat' dir='ltr'><strong>potis</strong></span> <span class='ocrx_word' id='word_1_255' title='bbox 853 2736 916 2773; x_wconf 88' lang='lat' dir='ltr'><strong>est</strong></span> <span class='ocrx_word' id='word_1_256' title='bbox 938 2745 1014 2787; x_wconf 88' lang='lat' dir='ltr'><strong>per</strong></span> <span class='ocrx_word' id='word_1_257' title='bbox 1036 2731 1118 2773; x_wconf 84' lang='lat' dir='ltr'><strong>tela</strong></span> <span class='ocrx_word' id='word_1_258' title='bbox 1141 2730 1346 2784; x_wconf 84' lang='lat' dir='ltr'><strong>virosque.</strong></span> 
     </span>
     <span class='ocr_line' id='line_1_41' title="bbox 211 2803 1265 2845; baseline 0.002 -8"><span class='ocrx_word' id='word_1_259' title='bbox 211 2810 362 2845; x_wconf 66' lang='lat' dir='ltr'><strong>Ver-quius.</strong></span> <span class='ocrx_word' id='word_1_260' title='bbox 1216 2803 1265 2839; x_wconf 88' lang='lat'><strong>18</strong></span> 
     </span>
    </p>
   </div>
  </div>
 </body>
</html>
