1780 3074
563 271 822 308 AENEIDOS
840 271 940 307 LIB.
959 272 1007 306 ΙΙ.
1383 262 1465 303 113

98 377 236 420 vincla
257 376 374 420 iubet
398 376 610 427 Priamus,
635 375 840 429 dictisque
864 375 922 417 ita
946 375 1056 417 fatur
1080 375 1242 417 amicis:

101 439 316 495 „quisquis
342 454 406 490 es,
432 438 608 481 amissos
632 438 730 480 hinc
752 438 837 481 iam
860 437 1103 480 obliviscere
1128 436 1299 489 Graios3

99 509 240 545 noster
263 502 363 552 eris,
388 501 573 556 mihique
595 500 700 543 haec
723 500 905 543 edissere
928 514 1028 542 vera
1049 501 1231 556 roganti:

98 578 181 619 quo
205 564 358 606 molem
380 563 489 605 hanc
511 562 689 604 inmanis
714 562 811 616 equi
834 562 1040 604 statuere?
1063 563 1156 617 quis
1181 563 1348 604 auctor?

99 626 252 680 quidve
274 625 446 682 petunt?
468 639 576 679 quae
598 624 770 680 religio?
792 630 865 666 aut
887 638 994 679 quae
1017 624 1210 667 machina
1231 624 1385 667 belli?“
1494 638 1557 668 150

99 688 270 730 dixerat.
295 687 384 738 ille,
409 687 515 729 dolis
539 686 764 728 instructus
789 691 831 727 et
854 692 941 728 arte
963 685 1159 742 Pelasga,

101 749 268 791 sustulit
291 755 438 790 exutas
462 747 609 789 vinclis
634 747 688 789 ad
713 747 849 789 sidera
870 747 1051 802 palmas:

102 825 203 863 „vos
211 841 223 862 ,
248 810 404 852 aeterni
426 809 567 866 ignes,
592 814 634 851 et
656 823 740 851 non
763 808 958 851 violabile
981 815 1165 851 vestrum

99 879 229 915 testor
251 874 450 922 numen,“
476 871 552 922 ait,
579 885 680 922 „vos
705 885 801 912 arae
825 884 1030 925 ensesque
1054 871 1236 921 nefandi,

99 950 205 990 quos
229 935 339 991 fugi,
362 934 572 988 vittaeque
596 933 740 983 deum,
765 947 869 987 quas
894 933 1031 976 hostia
1053 934 1186 990 gessi:
1495 948 1558 977 155

98 997 164 1040 fas
188 996 289 1039 mihi
315 994 537 1039 Graiorum
562 1001 723 1037 sacrata
745 995 953 1037 resolvere
976 995 1080 1045 iura,

98 1059 164 1102 fas
189 1059 328 1102 odisse
352 1058 463 1101 viros
489 1063 614 1112 atque
637 1057 777 1099 omnia
799 1056 908 1099 ferre
934 1056 1012 1099 sub
1036 1071 1173 1107 auras,

100 1121 136 1163 si
158 1135 242 1175 qua
264 1125 428 1177 tegunt3
453 1125 596 1162 teneor
617 1119 775 1175 patriae
799 1133 878 1161 nec
900 1118 1064 1175 legibus
1089 1119 1198 1161 ullis.

98 1188 145 1224 tu
168 1182 292 1225 modo
314 1181 529 1237 promissis
554 1195 743 1232 maneas,
770 1187 1015 1235 servataque
1040 1196 1181 1223 serves

99 1243 227 1286 Troia
249 1243 394 1294 fidem,
420 1243 456 1285 si
479 1258 579 1284 vera
602 1242 753 1293 feram,
780 1243 816 1285 si
839 1258 994 1299 magna
1016 1243 1256 1299 rependam.
1496 1258 1559 1287 100

158 1304 310 1349 Omnis
335 1320 431 1361 spes
455 1305 653 1347 Danaum
677 1311 718 1347 et
742 1306 878 1361 coepti
900 1306 1055 1348 fiducia
1077 1305 1177 1348 belli

98 1367 283 1410 Palladis
309 1367 472 1409 auxiliis
498 1382 662 1422 semper
685 1367 811 1409 stetit.
835 1368 973 1423 inpius
999 1382 1052 1409 ex
1075 1381 1160 1421 quo

101 1429 287 1485 Tydides
313 1429 388 1471 sed
412 1429 522 1471 enim
547 1429 831 1483 scelerumque
855 1429 1045 1471 inventor
1067 1428 1230 1480 Ulixes,

100 1490 226 1533 fatale
250 1491 439 1548 adgressi
464 1497 624 1533 sacrato
649 1491 826 1533 avellere
851 1491 1006 1546 templo

98 1553 352 1604 Palladium,
379 1553 511 1596 caesis
537 1568 724 1596 summae
748 1553 990 1595 custodibus
1016 1554 1135 1603 arcis,
1495 1569 1558 1599 165

100 1616 332 1672 corripuere
358 1631 518 1658 sacram
541 1616 745 1672 effigiem,
770 1615 1047 1670 manibusque
1072 1616 1252 1657 cruentis

99 1678 307 1734 virgineas
333 1679 425 1721 ausi
448 1679 569 1720 divae
594 1678 832 1733 contingere
855 1677 1000 1719 vittas:

100 1754 152 1781 ex
174 1740 244 1782 illo
268 1740 396 1782 fluere
420 1754 469 1782 ac
491 1746 600 1781 retro
626 1739 823 1794 sublapsa
845 1738 990 1780 referri

101 1818 196 1859 spes
222 1803 438 1854 Danaum,
463 1803 618 1845 fractae
642 1802 773 1852 vires,
799 1817 946 1844 aversa
969 1803 1072 1844 deae
1096 1817 1227 1844 mens.

99 1879 178 1907 nec
201 1865 338 1907 dubiis
364 1880 414 1907 ea
437 1865 558 1921 signa
581 1864 696 1906 dedit
722 1864 909 1905 Tritonia
932 1864 1142 1906 monstris.
1495 1878 1560 1909 170

99 1927 171 1968 vix
193 1927 376 1983 positum
400 1926 544 1968 castris
570 1925 855 1968 simulacrum:
880 1940 1018 1968 arsere
1042 1940 1239 1968 coruscae

99 1988 324 2031 luminibus
348 1988 539 2030 flammae
563 1987 751 2038 arrectis,
777 1987 996 2042 salsusque
1018 2002 1095 2043 per
1118 1994 1232 2029 artus

101 2051 228 2092 sudor
250 2051 315 2101 iit,
340 2056 484 2105 terque
506 2050 599 2105 ipsa
623 2049 712 2092 solo
736 2075 792 2080 —
814 2049 1003 2092 mirabile
1027 2050 1142 2091 dictu
1166 2075 1222 2080 —

101 2112 285 2162 emicuit,
310 2126 580 2168 parmamque
603 2112 741 2154 ferens
766 2112 1012 2167 hastamque
1036 2118 1293 2154 trementem.

101 2175 308 2230 extemplo
332 2175 572 2230 temptanda
594 2175 698 2231 fuga
721 2175 831 2217 canit
854 2189 1037 2230 aequora
1061 2174 1254 2224 Calchas,
1495 2189 1558 2218 175

101 2250 180 2277 nec
202 2250 327 2290 posse
349 2235 560 2291 Argolicis
585 2236 772 2278 exscindi
794 2236 1004 2293 Pergama
1027 2236 1134 2286 telis,

103 2296 243 2338 omina
264 2296 309 2337 ni
330 2303 518 2351 repetant
541 2296 671 2353 Argis
695 2312 932 2352 numenque
954 2298 1167 2348 reducant,

103 2356 217 2411 quod
238 2356 388 2412 pelago
412 2363 454 2398 et
477 2358 613 2399 curvis
639 2372 782 2400 secum
805 2373 982 2401 avexere
1006 2359 1169 2400 carinis.

105 2424 147 2460 et
168 2432 287 2467 nunc,
303 2418 415 2472 quod
436 2419 591 2474 patrias
615 2426 739 2461 vento
762 2420 917 2474 petiere
939 2420 1162 2475 Mycenas,

104 2495 220 2522 arma
242 2480 424 2535 deosque
448 2486 596 2536 parant
619 2481 810 2531 comites,
840 2481 1071 2536 pelagoque
1094 2495 1284 2522 remenso
1495 2493 1558 2525 180

103 2541 303 2598 inprovisi
326 2543 512 2584 aderunt.
537 2542 596 2583 ita
618 2541 768 2597 digerit
791 2542 930 2584 omina
955 2541 1147 2584 Calchas.

104 2603 212 2646 hanc
233 2619 309 2660 pro
332 2603 523 2646 Palladio
548 2603 712 2654 moniti,
738 2618 814 2659 pro
837 2603 1006 2645 numine
1028 2603 1143 2644 laeso

106 2665 288 2723 effigiem
312 2672 510 2716 statuere,
535 2665 654 2707 nefas
678 2679 785 2719 quae
808 2665 925 2707 triste
947 2665 1091 2720 piaret.

104 2727 212 2770 hanc
234 2734 372 2770 tamen
394 2728 627 2770 inmensam
653 2726 832 2769 Calchas
857 2727 1042 2769 attollere
1065 2726 1216 2768 molem

181 2804 330 2838 Verqfh'us.
1212 2798 1235 2832 8
