1800 3106
545 260 805 308 AENEIDOS
830 269 930 306 Lm.
945 270 1072 308 vnn.

126 379 313 429 dextera,
339 377 452 432 quod
476 391 680 430 nequeam
703 375 895 418 lacrimas
918 373 1101 431 perferre
1124 374 1320 430 parentis.

126 451 169 484 at
192 448 255 491 tu,
281 455 372 491 oro,
398 439 531 481 solare
555 438 722 494 inopem
746 445 786 479 et
812 452 1005 480 succurre
1028 437 1208 479 relictae.

126 503 233 545 hanc
258 503 346 544 sine
370 517 438 544 me
463 516 582 557 spem
606 501 714 543 serre
739 501 817 542 tui:
843 500 1060 542 audentior
1083 499 1152 542 ibo

125 566 169 607 in
192 580 313 608 casus
338 566 524 607 omnes.“
550 578 750 620 percussa
771 569 911 605 mente
934 563 1086 605 dedere

126 628 394 670 Dardanidae
418 627 629 677 lacrimas,
654 632 750 668 ante
774 640 919 668 omnes
943 626 1116 682 pulcher
1138 625 1269 675 Iulus,

128 697 251 745 atque
274 690 459 731 animum
483 689 640 745 patriae
664 688 830 731 strinxit
852 688 1019 744 pietatis
1044 689 1196 745 imago.

128 762 216 794 tum
240 752 300 794 sic
325 752 493 793 effatur:

130 815 314 871 „sponde
339 815 466 870 (ligna
490 813 572 855 tuis
597 813 838 870 ingentibus
862 813 1003 855 omnia
1026 813 1196 869 coeptis.

127 891 306 931 namque
330 876 407 918 erit
430 876 511 918 ista
534 875 635 917 mihi
659 875 868 932 genetrix,
892 890 1128 929 nomenque
1155 874 1340 917 Creusae

127 939 263 982 solum
286 938 482 988 defuerit,
506 952 584 979 nec
606 945 772 993 partum
796 937 932 995 gratia
955 937 1079 980 talem

126 1016 254 1058 parva
276 1008 428 1042 manet.
454 1015 576 1042 casus
602 1000 759 1042 factum
783 1000 1037 1055 quicumque
1063 1005 1299 1054 sequentur,

126 1079 200 1119 pcr
222 1069 347 1119 caput
370 1063 450 1105 hoc
472 1062 582 1113 iuro,
606 1077 682 1118 per
704 1063 818 1118 quod
839 1069 959 1119 pater
982 1069 1078 1105 ante
1105 1062 1283 1104 solebat:

126 1140 233 1181 quae
257 1124 331 1167 tibi
355 1125 552 1181 polliceor
574 1125 716 1167 reduci
739 1124 949 1180 rebusque
973 1125 1180 1175 secundis,

126 1188 230 1230 haec
254 1187 399 1230 eadem
422 1187 625 1243 matrique
649 1195 746 1230 tuae
769 1188 996 1245 generique
1018 1187 1286 1230 manebunt.“

128 1251 189 1292 sic
212 1250 270 1292 ait
290 1249 574 1302 inlacrimans3
596 1250 771 1293 humero
796 1251 921 1293 simul
944 1250 1058 1293 exuit
1081 1265 1226 1292 ensem

128 1318 336 1363 auratum,
360 1313 466 1354 mira
486 1327 613 1367 quem
635 1313 793 1355 fecerat
815 1319 903 1355 arte
925 1313 1105 1369 Lycaon

130 1373 315 1417 Gnosius
339 1380 464 1429 atque
487 1374 670 1416 habilem
693 1375 848 1431 vagina
871 1381 1033 1430 aptarat
1056 1374 1226 1422 eburna.

128 1437 200 1478 dat
221 1436 326 1479 Niso
348 1435 597 1478 Mnestheus
620 1436 772 1492 pellem
796 1437 1083 1491 horrentisque
1107 1437 1239 1478 leonis
1290 1489 1294 1492 Α

129 1498 321 1549 exuvias,
345 1498 510 1555 galeam
534 1499 642 1541 fidus
666 1505 875 1555 permutat
897 1498 1058 1541 Aletes.

129 1561 316 1617 protinus
340 1562 488 1603 armati
510 1562 708 1604 incedunt
715 1579 727 1613 ;
752 1576 858 1616 quos
883 1562 1017 1604 omnis
1042 1562 1178 1603 euntis

127 1624 356 1680 primorum
379 1639 527 1667 manus
552 1625 605 1666 ad
629 1631 790 1680 portas,
815 1624 1096 1679 iuvenumque
1121 1639 1364 1678 senumque,

128 1686 394 1742 prosequitur
415 1687 536 1729 votis.
560 1701 638 1729 nec
661 1702 746 1729 non
769 1693 810 1729 et
833 1686 1007 1742 pulcher
1029 1686 1160 1736 Iulus,

129 1754 224 1790 ante
248 1763 379 1790 annos
403 1748 670 1803 animumque
694 1764 844 1805 gerens
868 1763 1093 1803 curamque
1117 1748 1290 1799 virilem,

129 1810 260 1851 multa
281 1810 389 1865 patri
411 1810 608 1852 mandata
630 1810 756 1852 dabat
778 1811 995 1867 portanda.
1022 1810 1097 1852 sed
1121 1825 1246 1852 aurae

130 1872 270 1913 omnia
291 1872 531 1928 discerpunt
554 1880 596 1915 et
618 1873 799 1915 nubibus
823 1873 947 1915 inrita
969 1873 1138 1915 donant.

185 1932 362 1990 Egressi
386 1942 582 1990 superant
606 1934 761 1985 fossas,
786 1935 1003 1989 noctisque
1026 1949 1102 1991 per
1125 1933 1315 1976 umbram

130 2001 266 2038 castra
288 1995 455 2038 inimica
475 2003 640 2052 petunt,
665 1997 806 2039 multis
831 2004 970 2039 tamen
993 2004 1088 2039 ante
1112 1997 1241 2038 futuri

130 2057 267 2099 exitio.
291 2057 450 2113 passim
474 2073 620 2101 somno
643 2059 823 2114 vinoque
846 2074 922 2115 per
944 2059 1117 2101 herbam

130 2133 303 2175 corpora
325 2119 422 2162 fusa
444 2120 604 2172 vident,
629 2128 810 2163 arrectos
835 2121 954 2163 litore
979 2136 1137 2171 curruS,

130 2181 238 2222 inter
258 2180 347 2222 lora
369 2188 564 2236 rotasque
588 2183 721 2234 viros,
747 2183 871 2225 simul
894 2198 1011 2225 arma
1033 2183 1182 2232 iacere,

131 2242 229 2283 vina
252 2242 387 2283 simul.
412 2244 524 2297 prior
553 2244 801 2299 Hyrtacides
827 2244 888 2286 sic
911 2259 982 2286 ore
1006 2244 1188 2286 locutus:

135 2302 363 2358 „Euryalc,
388 2304 626 2346 audendum
650 2305 815 2356 dextra;
838 2320 950 2347 nunc
972 2306 1065 2360 ipsa
1087 2311 1211 2346 vocat
1233 2319 1312 2346 res.

132 2364 212 2405 hac
235 2365 313 2405 iter
336 2370 411 2406 est.
437 2370 500 2415 tu,
526 2380 578 2406 ne
600 2380 684 2419 qua
707 2381 856 2408 manus
881 2380 927 2408 se
950 2366 1135 2408 attollere
1159 2365 1281 2407 nobis

134 2442 159 2467 a
183 2432 300 2482 tergo
322 2426 474 2482 possit,
499 2427 661 2469 custodi
686 2433 727 2468 et
750 2427 922 2469 consule
944 2427 1088 2483 longe3

135 2488 238 2530 haec
261 2502 340 2545 ego
363 2494 483 2531 vasta
505 2488 615 2531 dabo
639 2495 680 2530 et
702 2489 786 2531 lato
810 2495 850 2531 te
872 2489 1002 2530 limite
1024 2490 1214 2531 ducam.“

135 2550 196 2591 sic
218 2556 438 2601 memorat,
463 2565 691 2605 vocemque
714 2551 863 2607 premit
871 2568 882 2602 3
909 2551 1032 2593 simul
1056 2566 1155 2593 ense
1179 2551 1405 2606 superbum

134 2611 411 2654 Rhamnetem
435 2612 692 2669 adgreditur,
717 2613 790 2668 qui
812 2612 919 2654 forte
943 2613 1151 2668 tapetibus
1176 2613 1269 2655 altis

136 2679 370 2717 exstructus
395 2681 481 2717 toto
505 2674 707 2730 proflabat
729 2681 896 2731 pectore
921 2690 1125 2725 somnum,

136 2749 210 2776 rex
231 2735 343 2778 idem
366 2742 407 2779 et
429 2737 517 2793 regi
543 2737 686 2779 Turno
710 2737 972 2792 gratissimus
997 2752 1148 2794 augur3

1406 259 1485 302 261

1520 573 1587 604 ‘290

1521 889 1587 919 ‘295

1522 1201 1588 1230 300

1523 1512 1588 1542 305

1523 1822 1589 1852 310

1523 2134 1589 2165 315

1522 2442 1589 2472 320

1522 2753 1586 2783 325
