1734 3074
587 278 856 317 BUCOLICA.
1243 281 1247 283 ’
1345 270 1372 310 2
1379 271 1400 310 l

43 389 136 431 licia
160 387 388 436 circumdo,
415 393 558 439 terque
582 384 686 426 haec
709 383 853 426 altaria
876 383 1031 425 circum

43 451 225 506 effigiem
249 449 377 499 duco3
402 461 574 489 numero
599 447 702 488 deus
726 446 868 501 inpare
892 445 1058 502 gaudet.

43 513 179 554 ducite
203 510 256 553 ab
280 510 383 552 urbe
408 510 597 559 domum,
622 523 716 550 mea
739 508 938 558 carmina,
964 507 1101 549 ducite
1123 506 1353 563 Daphnim.

42 580 159 616 necte
184 573 314 615 tribus
338 572 458 614 nodis
484 578 640 621 ternos,
666 570 891 625 Amarylli,
917 569 1094 620 colores3

41 642 177 685 necte,
202 634 425 689 Amarylli,
451 633 593 684 modo,
618 638 659 674 et
685 631 913 684 „Veneris“
939 631 1006 673 die
1031 631 1222 683 „vincula
1245 634 1404 673 nect0.“

42 698 180 740 ducite
205 697 258 739 ab
282 696 386 738 urbe
409 696 598 745 domum,
623 709 717 736 mea
741 694 940 744 carmina,
966 693 1103 735 ducite
1127 693 1355 749 Daphnim.

42 760 164 802 limus
189 765 235 801 ut
257 758 326 800 hic
348 758 546 808 durescit,
572 763 614 799 et
635 757 739 798 haec
762 762 810 797 ut
832 770 927 798 cera
949 756 1154 810 liquescit

42 837 125 864 uno
150 822 377 875 eodemque
399 819 506 875 igni,
532 819 592 861 sic
614 824 756 861 nostro
785 817 980 873 Daphnis
1005 832 1157 860 amore.

43 898 192 940 sparge
216 882 369 925 molam
392 888 434 924 et
455 881 615 938 frag-ilis
639 880 813 922 incende
836 879 1038 923 bitumine
1060 880 1214 922 laurus.

42 945 236 1001 Daphnis
259 959 327 986 me
350 944 484 986 malus
507 943 607 994 urit,
633 957 711 999 ego
734 942 842 985 hanc
864 942 910 984 in
930 940 1157 998 Daphnide
1180 941 1355 983 laurum.

43 1008 180 1050 ducite
205 1006 257 1049 ab
281 1006 383 1048 urbe
407 1006 594 1056 domum,
620 1019 714 1047 mea
737 1004 938 1055 carmina,
964 1004 1102 1046 ducite
1124 1003 1354 1059 Daphnim.

44 1070 137 1112 talis
161 1083 278 1112 amor
298 1068 532 1124 Daphnim,
559 1067 712 1122 qualis,
739 1082 835 1109 cum
857 1067 971 1109 fessa
994 1066 1216 1108 iuvencum

44 1146 118 1188 per
140 1145 308 1173 nemora
331 1136 455 1184 atque
479 1129 583 1171 altos
608 1129 843 1183 quaerendo
866 1128 1019 1171 bucula
1041 1128 1158 1170 lucos

43 1199 211 1248 propter
233 1206 365 1246 aquae
387 1191 524 1233 rivum
545 1191 666 1233 viridi
688 1190 923 1247 procumbit
944 1191 988 1232 in
1011 1190 1110 1232 ulva

45 1255 221 1310 perdita,
246 1268 322 1296 nec
347 1267 462 1295 serae
485 1252 672 1295 meminit
694 1253 893 1295 decedere
915 1252 1039 1303 nocti,

46 1316 138 1358 talis
164 1330 279 1358 amor
301 1322 456 1365 teneat,
479 1329 557 1357 1160
582 1314 635 1357 sit
657 1314 759 1356 mihi
782 1328 881 1357 cura
903 1314 1072 1356 mederi.

45 1378 183 1419 ducite
207 1377 259 1419 ab
283 1377 385 1419 urbe
410 1377 599 1427 domum,
624 1391 718 1418 mea
741 1377 941 1427 earmina,
967 1377 1104 1418 ducite
1128 1375 1356 1432 Daphnim.

45 1440 121 1481 has
145 1439 244 1481 olim
268 1439 438 1480 exuvias
462 1438 564 1480 mihi
585 1438 768 1494 perfidus
792 1439 861 1480 ille
883 1439 1060 1493 reliquit,

45 1502 219 1557 pignora
243 1515 338 1542 cara
362 1501 444 1551 sui;
470 1515 576 1555 quae
599 1515 710 1542 nunc
734 1515 812 1557 ego
835 1500 1011 1542 limine
999 1516 1043 1541 1n
1065 1501 1170 1556 ips0‚

47 1571 172 1614 terra,
198 1563 272 1605 tibi
295 1564 466 1615 mand03
491 1563 642 1606 debent
665 1564 768 1606 haec
790 1564 965 1620 pignora
987 1564 1215 1620 Daphnim.

46 1626 182 1667 ducite
208 1625 260 1667 ab
283 1625 385 1668 urbe
410 1626 597 1676 domum,
622 1641 716 1668 mea
739 1627 939 1677 carmina,
965 1627 1101 1668 ducite
1124 1626 1352 1681 Daphnim.

47 1687 123 1730 has
146 1686 296 1729 herbas
321 1693 445 1741 atque
468 1687 572 1730 haec
593 1687 731 1730 Ponto
754 1688 856 1729 mihi
879 1689 986 1730 lecta
1009 1703 1168 1730 venena

47 1750 137 1804 ipse
162 1749 274 1790 dedit
297 1747 475 1799 Moeris;
498 1754 726 1791 nascuntur
747 1749 926 1805 plurima
948 1749 1098 1792 Ponto.

48 1811 113 1853 his
138 1825 216 1866 ego
242 1824 366 1866 saepe
389 1810 535 1866 lupum
557 1811 647 1853 fieri
670 1817 711 1852 et
735 1825 780 1853 se
804 1811 980 1853 condere
1005 1811 1119 1853 silvis

48 1872 244 1923 Moerim,
271 1887 394 1928 saepe
419 1873 577 1915 animas
601 1872 695 1915 imis
720 1873 856 1915 excire
880 1873 1120 1929 sepulchris,

48 1940 172 1989 atque
196 1939 306 1976 satas
331 1934 411 1976 alio
434 1934 521 1976 vidi
544 1935 759 1977 traducere
781 1935 944 1977 messis.

48 1996 185 2038 ducite
210 1995 262 2038 ab
285 1995 388 2038 urbe
413 1996 601 2047 domum,
626 2011 720 2039 11163
743 1997 942 2047 0311111113,
968 1997 1106 2039 ducite
1130 1996 1358 2052 Daphnim.

49 2058 111 2099 fer
135 2057 312 2108 cineres,
336 2056 560 2114 Amarylli,
585 2059 717 2110 foras,
741 2059 911 2114 rivoque
936 2059 1079 2101 fluenti

50 2124 243 2173 transque
267 2126 390 2175 caput
412 2120 520 2162 iacet
544 2135 621 2162 1160
643 2121 886 2177 respexeris.
912 2122 976 2164 his
1002 2137 1080 2178 ego
1104 2121 1320 2177 Daphnim

50 2181 284 2237 adgrediar3
308 2182 410 2223 nihil
432 2182 501 2224 ille
525 2183 643 2234 deos,
668 2183 727 2225 nil
751 2184 936 2226 carmina
957 2190 1084 2226 curat.

50 2243 187 2284 ducite
210 2242 263 2285 ab
286 2243 388 2286 urbe
412 2244 599 2295 domum,
625 2260 719 2287 mea
742 2246 942 2297 carmina,
968 2246 1106 2288 ducite
1129 2245 1358 2301 Daphnim.

50 2304 208 2359 aspice,
233 2305 428 2360 corripuit
449 2307 634 2349 tremulis
659 2307 803 2349 altaria
825 2308 1003 2350 flammis

52 2371 197 2421 sponte
222 2381 314 2416 sua,
340 2367 439 2408 dum
462 2367 570 2410 ferre
593 2383 747 2419 moror,
772 2369 875 2411 cinis
898 2370 1000 2424 ipse.
1025 2369 1182 2412 bonum
1207 2367 1277 2410 sit!

51 2427 191 2469 nescio
215 2428 315 2481 quid
339 2434 447 2470 certe
472 2434 535 2470 est
558 2435 599 2470 et
622 2428 766 2484 Hylax
787 2429 832 2470 in
854 2430 994 2471 limine
1017 2430 1150 2471 latrat.

53 2489 281 2531 credimus?
303 2505 374 2539 an,
400 2490 472 2544 qui
495 2495 652 2540 amant,
676 2490 758 2545 ipsi
782 2490 862 2532 sibi
886 2492 1046 2532 somnia
1068 2490 1254 2546 fingunt?

52 2550 224 2605 parcite,
249 2550 302 2594 ab
326 2551 427 2594 urbe
451 2551 581 2602 venit,
606 2551 688 2594 iam
711 2552 867 2607 parcite
891 2552 1089 2603 carmina,
1115 2552 1319 2607 Daphnis.

1431 458 1472 489 75

1432 767 1476 799 80

1433 1077 1477 1109 85

1435 1387 1478 1419 90

1436 1699 1479 1730 95

1439 2009 1502 2039 100

1439 2318 1503 2348 105
