1794 3048
276 503 339 534 265

276 805 340 835 270

277 1109 338 1139 275

278 1413 342 1444 280

278 1717 341 1748 285

281 2022 344 2053 290

282 2328 345 2359 295

366 317 445 359 156
765 327 808 360 P.
827 325 1058 362 VERGILH
1074 324 1299 363 MARONIS

363 428 516 469 fecerat
539 434 578 468 et
601 427 712 467 tenui
736 426 835 467 telas
861 426 1106 467 discreverat
1130 440 1240 467 auro.

364 489 555 530 continuo
578 487 751 528 invadit:
779 494 849 538 „tu
870 501 980 528 nunc
999 487 1265 542 Karthaginis
1290 487 1394 529 altae

363 549 628 590 fundamenta
650 548 761 589 locas
786 547 1076 602 pulchramque
1099 548 1266 590 uxorius
1290 548 1433 590 urbem

364 609 564 651 exstruis?
586 608 668 649 heu
689 612 808 664 regni
827 623 1044 662 rerumque
1069 608 1192 650 oblite
1215 609 1394 650 tuarum!

362 670 451 725 ipse
475 670 597 711 deum
620 669 695 711 tibi
716 684 782 711 me
806 669 914 711 claro
943 670 1117 711 demittit
1141 669 1321 725 Olympo

362 736 570 786 regnator,
596 730 753 772 caelum
777 736 817 772 et
840 737 966 772 terras
991 730 1061 784 qui
1083 731 1248 772 numine
1272 736 1432 785 torquet
1439 746 1450 780 3

363 793 451 847 ipse
475 792 578 834 haec
601 791 706 833 ferre
730 791 842 833 iubet
865 792 1006 833 celeris
1031 793 1223 833 mandata
1244 807 1318 848 per
1341 807 1478 833 auras:

364 853 461 906 quid
486 852 633 894 struis?
656 858 726 894 aut
749 867 830 906 qua
853 867 926 908 spe
949 852 1121 906 Libycis
1146 853 1241 894 teris
1267 853 1349 894 otia
1372 853 1513 894 terris?

364 914 398 954 si
423 919 462 954 te
485 914 596 954 nulla
618 920 755 955 movet
779 919 981 955 tantarum
1003 914 1133 969 gloria
1155 928 1302 964 rerum,

366 973 459 1030 [nec
484 989 606 1029 super
627 975 716 1029 ipse
739 980 810 1016 tua
832 975 985 1017 moliris
1008 975 1128 1016 laude
1151 974 1365 1030 laborem,]

363 1035 590 1077 Ascanium
616 1043 850 1092 surgentem
875 1042 915 1078 et
939 1051 1032 1092 spes
1057 1036 1217 1078 heredis
1241 1036 1323 1077 Iuli

364 1097 539 1151 respice,
565 1097 630 1138 cui
653 1112 825 1153 regnum
850 1098 992 1139 Italiae
1016 1098 1283 1151 Romanaque
1307 1097 1426 1138 tellus

366 1157 575 1198 debetur.“
601 1158 671 1198 tali
697 1157 909 1213 Cyllenius
934 1173 1001 1200 ore
1025 1158 1185 1200 locutus

365 1218 545 1259 mortalis
569 1218 683 1260 visus
708 1219 843 1260 medio
867 1234 1053 1260 sermone
1075 1220 1238 1273 reliquit

366 1286 404 1319 et
427 1279 568 1333 procul
591 1279 634 1320 in
657 1285 821 1320 tenuem
845 1295 896 1321 ex
920 1280 1047 1321 oculis
1073 1280 1238 1321 evanuit
1261 1294 1414 1320 auram.

423 1339 480 1380 At
503 1354 599 1382 vero
622 1340 788 1382 Aeneas
813 1346 982 1395 aspectu
1005 1340 1207 1382 obmutuit
1231 1354 1385 1389 amens,

367 1407 625 1454 arrectaeque
648 1401 813 1442 horrore
837 1415 978 1442 comae
1002 1407 1042 1442 et
1064 1415 1146 1442 vox
1169 1400 1356 1442 faucibus
1381 1399 1525 1440 haesit.

369 1462 483 1503 ardet
517 1460 627 1502 abire
665 1461 766 1517 fuga
789 1461 1000 1515 dulcisque
1023 1462 1249 1515 relinquere
1273 1468 1413 1510 terras,

366 1522 560 1563 attonitus
585 1527 698 1563 tanto
722 1523 880 1563 monitu
901 1522 1152 1577 imperioque
1176 1523 1355 1563 deorum.

365 1582 447 1623 heu
470 1583 568 1636 quid
591 1583 711 1638 agat?
733 1597 814 1637 quo
838 1597 947 1624 nunc
970 1583 1154 1638 reginam
1177 1583 1330 1624 ambire
1354 1582 1555 1623 furentem

367 1644 514 1685 audeat
537 1643 703 1685 adfatu?
726 1659 830 1698 quae
853 1644 984 1699 prima
1007 1645 1174 1685 exordia
1198 1643 1354 1685 sumat?

367 1711 488 1759 atque
511 1705 691 1746 animum
714 1720 822 1746 nunc
845 1705 926 1747 huc
949 1706 1140 1756 celerem,
1165 1719 1274 1746 nunc
1297 1703 1441 1745 dividit
1463 1703 1572 1752 illuc,

365 1766 409 1806 in
430 1766 638 1820 partisque
660 1766 766 1821 rapit
788 1766 922 1808 varias
945 1781 1097 1821 perque
1122 1766 1257 1808 omnia
1281 1771 1427 1807 versat.

365 1826 468 1867 haec
492 1826 706 1868 alternanti
728 1827 862 1882 potior
886 1828 1086 1869 sententia
1109 1828 1199 1869 visa
1222 1833 1302 1869 est:

366 1886 588 1928 Mnesthea
612 1885 934 1943 Sergestumque
959 1894 1078 1929 vocat
1101 1888 1328 1941 fortemque
1354 1885 1579 1935 Serestum,

368 1948 543 1989 classem
566 1954 706 2003 aptent
729 1949 840 1989 taciti
864 1949 1077 2003 sociosque
1101 1950 1154 1990 ad
1175 1949 1295 1990 litora
1318 1953 1477 2003 cogant,

369 2024 482 2050 arma
503 2015 648 2063 parent
671 2014 712 2050 et
734 2022 839 2062 quae
861 2009 984 2051 rebus
1010 2010 1062 2050 sit
1085 2024 1232 2050 caussa
1253 2007 1451 2050 novandis

368 2069 624 2111 dissimulent
631 2086 642 2120 3
668 2083 758 2110 sese
782 2070 952 2120 interea,
978 2070 1140 2123 quando
1165 2070 1319 2124 optima
1340 2068 1453 2109 Dido

369 2131 524 2172 nesciat
547 2136 588 2171 et
610 2136 744 2172 tantos
769 2131 904 2185 rumpi
926 2145 1009 2172 non
1033 2136 1168 2186 speret
1191 2144 1362 2179 amores,

369 2197 658 2247 temptaturum
681 2192 814 2233 aditus
839 2197 879 2233 et
901 2206 1006 2245 quae
1029 2191 1268 2233 mollissima
1290 2189 1404 2232 fandi

370 2259 570 2308 tempora,
596 2253 687 2307 quis
711 2252 833 2294 rebus
859 2253 1001 2294 dexter
1023 2253 1183 2295 modus.
1208 2252 1322 2294 ocius
1347 2265 1488 2293 omnes

369 2315 539 2370 imperio
563 2314 659 2355 laeti
680 2320 824 2369 parent
847 2329 894 2355 ac
918 2314 1031 2356 iussa
1054 2314 1275 2356 facessunt.

425 2375 486 2417 At
507 2376 649 2431 regina
673 2375 788 2417 dolos
812 2400 867 2405 —
891 2375 961 2429 qui
984 2375 1125 2416 fallere
1148 2375 1279 2431 possit
1303 2372 1532 2416 amantem?
1555 2397 1610 2403 ——

370 2437 613 2492 praesensit,
638 2442 854 2490 motusque
878 2437 1038 2491 excepit
1059 2436 1191 2491 prima
1213 2436 1386 2485 futuros,

372 2498 509 2539 omnia
531 2503 619 2538 tuta
641 2498 801 2538 timens.
828 2497 971 2538 eadem
993 2497 1106 2552 inpia
1127 2497 1258 2539 Fama
1279 2496 1430 2537 furenti

372 2559 516 2600 detulit
539 2559 687 2600 armari
710 2559 886 2600 classem
910 2572 1155 2612 cursumque
1178 2557 1324 2614 parari.

285 2633 350 2663 300
374 2620 502 2661 saevit
524 2620 643 2675 inops
667 2620 792 2661 animi
814 2625 1021 2673 totamque
1044 2620 1212 2661 incensa
1233 2633 1306 2674 per
1327 2616 1470 2658 urbem

373 2680 609 2730 bacchatur,
635 2681 766 2734 qualis
791 2680 1004 2722 commotis
1028 2680 1160 2721 excita
1184 2679 1309 2721 sacris

375 2740 548 2795 Thyias,
574 2741 644 2782 ubi
669 2742 805 2782 audito
831 2741 1037 2782 stimulant
1061 2740 1261 2782 trieterica
1282 2738 1448 2780 Baccho
