1800 3106
582 275 838 315 AENEIDOS
858 273 956 310 LIB.
976 274 1044 309 XI.
1411 261 1494 303 309

131 403 240 432 nunc
264 394 305 430 et
327 385 643 442 Myrmidonum
665 395 857 438 proceres
882 377 1068 434 Phrygia
1091 391 1207 419 arma
1230 381 1495 424 tremescunt,

131 465 241 493 nunc
265 457 305 492 et
330 448 515 504 Tydides
541 452 582 488 et
604 445 854 488 Larissaeus
879 441 1082 491 Achilles,

131 513 265 556 amnis
291 518 331 553 et
356 510 589 553 Hadriacas
613 514 722 550 retro
746 506 856 562 fugit
878 503 1060 546 Aufidus
1084 501 1231 544 undaS.
1523 511 1589 542 405

132 575 199 618 vel
222 589 318 617 eum
343 588 387 616 se
411 572 610 628 pavidum
634 576 777 612 contra
800 582 894 610 mea
916 566 1052 623 iurgia
1074 565 1195 621 fingit

133 636 301 680 artificis
327 635 461 678 scelus
486 641 528 676 et
550 632 770 676 formidine
795 629 951 672 crimen
975 627 1153 670 acerbat.

133 713 361 754 numquam
386 697 566 739 animam
590 695 715 736 talem
740 694 886 735 dextra
908 691 987 733 hac
1011 715 1066 721 --
1091 689 1246 732 absiste
1270 686 1430 729 moveri
1447 711 1502 716 ——

135 761 318 811 amittes,
344 759 502 801 habitet
525 764 663 800 tecum
687 762 728 798 et
753 755 806 798 sit
828 760 996 811 pectore
1019 753 1064 794 in
1086 752 1182 794 isto.

135 837 246 865 nunc
270 822 325 864 ad
348 828 389 864 te
413 827 455 862 et
478 826 551 862 tua
573 833 746 875 magna,
770 822 907 873 pater,
933 814 1124 858 consulta
1146 820 1342 855 revertor.
1529 822 1593 854 410

137 886 174 928 si
196 884 354 927 nullam
377 882 530 925 nostris
554 881 663 923 ultra
687 893 805 936 spem
826 878 949 935 ponis
973 877 1017 919 in
1041 876 1180 927 armis,

138 948 175 989 si
198 953 284 989 tam
307 945 461 988 deserti
486 958 631 987 sumus
657 948 698 984 et
722 940 852 984 semel
875 939 1041 997 agmine
1064 953 1186 981 verso

138 1009 325 1052 funditus
349 1006 596 1056 occidimus,
622 1018 758 1060 neque
781 1002 910 1045 habet
933 1002 1099 1044 fortuna
1121 1014 1373 1056 regressum,

138 1085 303 1114 oremus
327 1083 473 1125 pacem
498 1074 538 1110 et
563 1068 730 1109 dextras
755 1065 975 1107 tendamus
999 1063 1157 1105 inertis.
1368 1077 1372 1081 ⁴

139 1147 390 1189 quamquam
414 1146 439 1174 o
464 1131 500 1172 si
524 1129 668 1172 solitae
692 1127 915 1184 quicquam
939 1125 1103 1168 virtutis
1128 1123 1312 1166 adesset!
1535 1135 1598 1165 415

139 1196 208 1238 ille
230 1195 333 1237 mihi
357 1200 451 1236 ante
475 1194 578 1235 alios
602 1192 923 1245 fortunatusque
947 1189 1138 1232 laborum

142 1257 416 1315 egregiusque
440 1255 586 1307 animi,
611 1255 702 1310 qui,
725 1268 779 1296 ne
803 1253 905 1308 quid
929 1252 1010 1294 tale
1034 1252 1206 1301 videret,

141 1318 362 1376 procubuit
386 1319 565 1360 moriens
591 1325 632 1359 et
654 1317 830 1358 humum
855 1314 984 1357 semel
1008 1328 1079 1356 ore
1102 1313 1336 1355 momordit.

145 1383 210 1425 sin
234 1388 274 1424 et
298 1395 398 1437 opes
422 1380 543 1422 nobis
568 1385 610 1422 et
633 1379 769 1421 adhuc
792 1378 949 1420 intacta
970 1377 1179 1425 iuventus,

144 1444 382 1499 auxilioque
404 1443 529 1486 urbes
554 1441 685 1484 Italae
709 1440 935 1497 populique
960 1444 1196 1494 supersunt,
1538 1447 1603 1477 420

146 1507 212 1549 sin
235 1513 276 1548 et
301 1505 492 1548 Troianis
518 1519 613 1547 cum
637 1503 767 1545 multo
791 1502 923 1559 gloria
946 1500 1060 1543 venit

147 1569 367 1626 sanguine:
393 1593 447 1598 ——
473 1572 569 1609 sunt
591 1566 672 1608 illis
698 1580 774 1608 sua
797 1565 961 1614 funera,
987 1577 1144 1619 parque
1168 1576 1243 1618 per
1265 1560 1399 1603 omnis

147 1637 372 1688 tempestas
396 1655 451 1661 —-
476 1644 549 1671 cur
571 1629 786 1671 indecores
810 1627 855 1669 in
876 1627 1016 1668 limine
1040 1626 1174 1682 primo

147 1693 387 1736 deficimus?
411 1707 484 1734 cur
507 1698 602 1734 ante
626 1690 771 1732 tubam
794 1696 948 1732 tremor
971 1694 1147 1743 occupat
1171 1686 1311 1729 artus?

148 1756 279 1798 multa
302 1756 391 1797 dies
415 1755 638 1808 variusque
661 1753 779 1795 labor
802 1751 1012 1794 mutabilis
1037 1750 1130 1792 aevi
1543 1759 1608 1789 425

149 1818 305 1860 rettulit
326 1817 371 1859 in
392 1816 560 1867 melius,
585 1815 738 1858 multos
763 1815 920 1857 alterna
943 1813 1129 1856 revisens

150 1880 249 1922 lusit
273 1886 314 1922 et
341 1879 386 1921 in
409 1878 540 1922 solido
563 1893 707 1920 rursus
731 1877 898 1920 fortuna
919 1876 1084 1918 locavit.

151 1958 235 1985 non
258 1942 334 1984 erit
357 1941 510 1984 auxilio
534 1940 654 1984 nobis
678 1939 857 1983 Aetolus
882 1945 923 1981 et
946 1938 1066 1994 Arpi,

152 2011 195 2047 at
216 2004 443 2059 Messapus
468 2003 545 2045 erit
567 2002 752 2058 felixque
776 2001 1025 2044 Tolumnius
1051 2005 1092 2042 et
1115 2014 1220 2054 quos

152 2073 214 2109 tot
235 2066 379 2123 populi
402 2066 552 2108 misere
575 2066 723 2116 duces,
748 2078 827 2107 nec
849 2063 968 2106 tarda
993 2068 1188 2117 sequetur
1545 2072 1611 2103 430

153 2129 285 2186 gloria
308 2129 490 2171 delectos
513 2128 640 2170 Latio
665 2134 707 2170 et
728 2126 1014 2170 Laurentibus
1040 2126 1164 2182 agris.

155 2197 219 2233 est
241 2197 283 2232 et
304 2190 554 2233 Volscorum
578 2190 747 2247 egregia
771 2190 823 2231 de
847 2195 971 2245 gente
998 2188 1189 2237 Camilla,

156 2267 308 2309 agmen
330 2267 460 2308 agens
485 2253 670 2306 equitum
694 2259 735 2293 et
758 2251 941 2293 florentis
967 2264 1062 2292 aere
1086 2255 1286 2291 catervas.

157 2314 270 2369 quod
294 2314 330 2355 si
352 2328 419 2355 me
444 2314 578 2356 solum
602 2313 754 2356 Teucri
778 2313 821 2354 in
844 2312 1069 2354 certamina
1091 2317 1283 2367 poscunt,

158 2377 282 2430 idque
305 2375 459 2430 placet,
484 2381 726 2430 tantumque
749 2375 869 2417 bonis
895 2373 1185 2416 communibus
1211 2371 1345 2422 obsto,
1549 2381 1614 2411 435

161 2453 243 2479 non
267 2438 371 2480 adeo
394 2437 471 2479 has
496 2452 624 2479 exosa
647 2451 796 2479 manus
820 2436 992 2478 victoria
1017 2436 1136 2491 fugit,

161 2506 207 2541 ut
231 2506 345 2541 tanta
369 2499 591 2554 quiequam
614 2514 689 2555 pro
715 2513 789 2555 spe
813 2504 1013 2554 temptare
1036 2511 1238 2539 recusem.

161 2562 230 2605 ibo
254 2562 402 2604 animis
427 2568 587 2613 contra,
612 2562 680 2604 vel
703 2576 902 2618 magnum
925 2566 1108 2616 praestet
1130 2558 1326 2602 Achillen

163 2624 354 2679 factaque
378 2624 555 2667 Volcani
578 2623 769 2667 manibus
793 2623 910 2680 paria
931 2624 1076 2665 induat
1099 2638 1215 2665 arma

163 2685 231 2728 ille
254 2686 361 2728 licet.
387 2686 506 2729 vobis
530 2687 711 2729 animam
734 2686 842 2728 hanc
867 2700 1091 2740 soceroque
1114 2684 1269 2727 Latino
1549 2693 1615 2723 410

166 2747 333 2791 Turnus
358 2764 456 2806 ego,
481 2749 594 2791 haud
617 2748 691 2791 ulli
713 2754 900 2791 veterum
924 2748 1073 2790 virtute
1099 2745 1318 2795 secundus,
