1820 3054
346 296 428 337 338
746 301 788 334 P.
806 298 1037 335 VERGILII
1053 297 1278 335 MARONIS

345 404 533 446 canitiem
557 401 752 443 inmundo
774 399 984 454 perfusam
1007 398 1174 453 pulvere
1199 405 1366 454 turpans

347 465 571 522 [multaque
596 476 640 503 se
663 461 840 510 incusat,
866 459 938 513 qui
960 474 1043 501 non
1066 460 1267 515 acceperit
1290 467 1383 503 ante

342 524 599 566 Dardanium
622 520 814 571 Aenean,
838 535 1116 576 generumque
1139 521 1357 564 adsciverit
1380 521 1519 577 ultro].

398 585 559 625 Interea
583 589 764 624 extremo
787 582 958 623 bellator
980 582 1023 623 in
1047 596 1222 635 aequore
1246 583 1411 625 Turnus

257 661 319 690 615
342 644 517 701 palantis
542 643 725 698 sequitur
747 657 901 698 paucos
925 643 1007 684 iam
1031 644 1196 699 segnior
1218 652 1338 698 atque

343 707 425 747 iam
447 704 582 746 minus
606 710 728 757 atque
752 704 887 746 minus
912 718 1108 746 successu
1130 704 1260 746 laetus
1285 720 1493 759 equorum.

344 767 477 808 attulit
499 766 609 807 huno
631 766 690 807 illi
714 766 845 807 caeeis
870 765 1090 808 terroribus
1114 781 1213 808 aura

343 827 608 869 commixtum
632 826 869 876 clamorem,
894 833 1152 881 arrectasque
1176 828 1322 883 inpulit
1345 844 1463 870 aures

343 888 538 930 confusae
564 902 687 929 sonus
711 887 824 930 urbis
849 895 888 929 et
911 887 1143 929 inlaetabile
1165 904 1360 931 murmur.

257 963 319 993 620
346 949 438 1000 „hei
460 949 578 990 mihi!
604 949 704 1002 quid
727 955 839 990 tanto
863 948 1076 991 turbantur
1099 950 1260 991 moenia
1281 950 1419 991 luctu?

343 1010 486 1063 quisve
509 1010 590 1051 ruit
614 1016 750 1052 tantus
774 1010 936 1051 diversa
959 1010 1111 1051 clamor
1134 1011 1185 1052 ab
1210 1010 1366 1052 urbe?“

344 1071 403 1112 sie
427 1070 483 1111 ait
507 1070 774 1124 adductisque
798 1084 938 1111 amens
964 1070 1150 1112 subsistit
1172 1070 1355 1112 habenis.

343 1137 464 1185 atque
487 1131 600 1180 huic,
625 1130 668 1172 in
691 1131 839 1172 faciem
863 1145 977 1172 soror
999 1137 1044 1172 ut
1067 1145 1264 1173 conversa
1286 1131 1452 1173 Metisci

343 1191 509 1247 aurigae
533 1206 775 1245 currumque
799 1197 840 1233 et
862 1206 989 1245 equos
1014 1198 1054 1233 et
1077 1192 1164 1234 lora
1186 1192 1366 1247 regebat,

256 1267 319 1297 025
344 1251 492 1293 talibus
518 1252 690 1293 occurrit
714 1252 851 1293 dictis:
879 1252 1001 1303 „hac,
1028 1252 1185 1302 Turne,
1212 1267 1431 1306 sequamur

344 1312 618 1367 Troiugenas,
642 1327 724 1366 qua
746 1313 877 1367 prima
900 1313 1008 1353 viam
1033 1313 1202 1353 victoria
1224 1313 1365 1367 pandit
1373 1329 1385 1363 ;

345 1379 438 1414 sunt
462 1373 548 1422 alii,
574 1373 645 1426 qui
669 1379 776 1414 tecta
798 1388 924 1414 manu
949 1373 1167 1413 defendere
1190 1373 1362 1427 possint.

343 1433 496 1489 ingruit
518 1433 684 1474 Aeneas
709 1433 824 1474 Italis
850 1439 889 1474 et
912 1433 1066 1488 proelia
1089 1434 1245 1483 miscet,

344 1500 384 1534 et
408 1508 482 1535 nos
509 1508 631 1535 saeva
654 1508 779 1534 manu
801 1493 1011 1535 mittamus
1036 1493 1182 1535 funera
1205 1494 1388 1536 Teucris.

257 1567 320 1598 ⁶30
345 1568 420 1595 nec
442 1569 611 1595 nurnero
636 1554 820 1605 inferior,
843 1569 1008 1611 pugnae
1031 1569 1106 1597 nec
1129 1555 1281 1597 honore
1305 1556 1511 1599 recedes.“

344 1614 510 1656 Turnus
537 1615 589 1656 ad
613 1615 732 1656 haect

346 1690 395 1725 „o
421 1690 552 1725 soror,
578 1683 617 1717 et
642 1677 797 1717 dudum
821 1677 1018 1732 adgnovi,
1044 1691 1138 1718 cum
1162 1678 1294 1732 prima
1315 1692 1390 1733 per
1413 1685 1540 1720 artem

343 1735 509 1777 foedera
534 1736 707 1778 turbasti
730 1743 852 1791 teque
876 1737 977 1778 haec
1000 1737 1044 1778 in
1067 1737 1174 1779 bella
1196 1739 1356 1788 dedisti,

344 1802 384 1837 et
407 1811 517 1838 nunc
541 1798 789 1851 nequiquam
814 1798 921 1840 fallis
946 1799 1035 1840 dea.
1062 1800 1136 1841 sed
1159 1800 1250 1852 quis
1277 1798 1458 1855 Olympo

257 1870 320 1900 635
344 1857 565 1898 demissam
591 1864 725 1899 tantos
750 1859 879 1900 voluit
903 1865 942 1900 te
966 1859 1072 1900 ferre
1095 1859 1282 1901 labores?

344 1932 396 1957 an
420 1917 555 1958 fratris
581 1918 719 1960 miseri
742 1919 868 1960 letum
892 1925 938 1960 ut
961 1920 1124 1961 crudele
1147 1920 1332 1962 videres?

343 1992 438 2018 narn
463 1978 561 2030 quid
585 1979 690 2033 ago?
712 1986 783 2020 aut
806 1994 911 2033 quae
935 1979 1017 2020 iam
1041 1981 1214 2034 spondet
1237 1981 1401 2022 fortuna
1425 1982 1621 2023 salutem?

344 2039 428 2079 vidi
454 2039 592 2081 oculos
618 2046 711 2081 ante
734 2040 822 2095 ipse
846 2055 960 2082 meos
985 2055 1051 2082 me
1075 2055 1177 2083 voce
1199 2048 1412 2083 vocantem

343 2099 604 2149 Murranum,
630 2115 710 2154 quo
735 2116 818 2142 non
842 2107 1007 2156 superat
1029 2102 1130 2143 mihi
1153 2102 1281 2143 carior
1304 2103 1416 2152 alter,

258 2173 321 2203 640
344 2167 535 2215 oppetere
559 2162 766 2216 ingentem
790 2169 911 2216 atque
934 2163 1090 2218 ingenti
1112 2163 1276 2206 volnere
1299 2165 1462 2205 vietum.

346 2222 492 2262 occidit
516 2222 658 2263 infelix
682 2237 734 2265 ne
756 2230 942 2265 nostrum
966 2225 1143 2266 dedecus
1168 2224 1302 2266 Ufens

346 2282 563 2337 aspiceret3
590 2283 739 2325 Teucri
762 2284 972 2339 potiuntur
995 2299 1162 2340 corpore
1187 2291 1228 2326 et
1250 2285 1385 2327 armis.

346 2343 582 2385 exscindine
606 2344 768 2394 domos,
793 2345 837 2386 id
859 2345 981 2387 rebus
1005 2346 1136 2387 defuit
1157 2361 1297 2396 unum,

345 2403 572 2458 perpetiar?
595 2405 738 2446 dextra
761 2420 837 2447 nec
858 2405 1037 2448 Drancis
1063 2407 1171 2448 dieta
1191 2407 1400 2448 refellam?

260 2475 322 2506 645
347 2470 461 2519 terga
484 2464 591 2506 dabo
615 2472 656 2507 et
679 2466 865 2508 Turnum
889 2467 1116 2522 fugientem
1139 2468 1242 2510 haec
1264 2474 1371 2510 terra
1394 2468 1571 2510 videbit?

346 2538 477 2578 usque
502 2527 656 2568 adeone
679 2527 783 2569 mori
805 2529 1000 2570 miserum
1023 2529 1110 2571 est?
1132 2544 1206 2571 vos
1231 2544 1255 2571 o
1278 2530 1378 2571 mihi
1401 2543 1540 2571 manes

349 2591 435 2627 este
458 2585 572 2636 boni,
597 2588 790 2640 quoniam
813 2589 971 2644 superis
996 2604 1141 2632 aversa
1163 2590 1364 2632 voluntas.

350 2651 491 2687 sancta
514 2647 566 2688 ad
588 2662 662 2689 vos
686 2649 822 2691 anima
845 2655 965 2703 atque
989 2650 1107 2692 istius
1130 2651 1260 2693 inscia
1283 2650 1425 2706 culpae

351 2705 613 2758 descendam,
644 2723 884 2764 magnorum
907 2711 1018 2752 haud
1041 2725 1236 2765 umquam
1258 2711 1450 2766 indignus
1475 2713 1679 2751 avorun1.“
