1800 3106
559 251 817 289 AENEIDOS
841 250 939 286 LIB.
953 250 1058 287 VIII.

129 360 240 416 quod
264 359 351 401 fieri
374 357 484 400 ferro
508 357 717 412 liquidove
739 361 878 412 potest
901 354 1065 404 electro,

129 428 328 478 quantum
350 421 470 477 ignes
496 419 740 473 animaeque
763 417 922 468 valent,
947 415 1103 458 absiste
1126 415 1333 472 precando

129 484 287 526 viribus
310 482 544 524 indubitare
569 481 691 522 tuis.“
718 494 768 522 ea
790 478 920 521 verba
941 478 1106 520 locutus

129 551 292 601 optatos
316 544 430 586 dedit
453 543 688 599 amplexus,
712 541 1006 598 placidumque
1028 540 1175 596 petivit

130 607 317 663 coniugis
342 606 506 647 infusus
531 604 690 662 gremio
713 618 788 660 per
810 602 998 645 membra
1022 617 1226 658 soporem.

185 668 290 710 Inde
313 667 387 709 ubi
409 667 544 723 prima
567 666 684 722 quies
708 666 845 707 medio
870 665 953 706 iam
977 664 1109 706 noctis
1135 664 1307 706 abactae

131 729 333 772 curriculo
357 729 572 785 expulerat
595 742 805 777 somnum,
832 741 925 769 cum
950 726 1107 768 femina
1129 727 1323 782 primum,

132 792 198 834 cui
222 791 397 833 tolerare
420 790 512 832 colo
535 789 665 831 vitam
687 788 884 843 tenuique
908 787 1103 830 Minerva

131 853 374 909 inpositum,
399 852 579 894 cinerem
603 858 644 893 et
669 851 826 906 sopitos
851 850 1025 892 suscitat
1045 849 1181 905 ignes,

132 922 295 957 noctem
318 914 476 956 addens
501 913 633 969 operi,
659 912 921 968 famulasque
945 912 1000 954 ad
1023 912 1180 954 lumina
1204 911 1329 968 longo

132 982 295 1019 exercet
316 990 466 1032 penso,
492 981 654 1018 castum
677 981 723 1016 ut
747 989 911 1017 servare
936 973 1072 1016 cubile

133 1038 319 1096 coniugis
345 1043 386 1080 et
407 1037 542 1093 possit
564 1052 716 1094 parvos
740 1037 916 1079 educere
941 1045 1080 1078 natos:

132 1101 244 1143 haud
269 1115 387 1142 secus
412 1099 646 1156 ignipotens
671 1113 748 1141 nec
770 1106 957 1155 tempore
981 1099 1148 1155 segnior
1173 1099 1241 1141 illo

132 1163 325 1205 mollibus
350 1178 373 1204 e
398 1163 535 1205 stratis
561 1178 687 1218 opera
710 1162 764 1204 ad
786 1162 952 1204 fabrilia
977 1162 1120 1215 surgit.

132 1225 268 1267 insula
293 1223 507 1268 Sicanium
530 1225 646 1266 iuxta
668 1224 777 1267 latus
799 1223 1077 1279 Aeoliamque

135 1287 305 1344 erigitur
326 1288 530 1342 Liparen,
555 1286 812 1329 fumantibus
837 1287 968 1329 ardua
991 1287 1117 1337 saxis,

134 1365 261 1405 quam
285 1350 426 1392 subter
450 1364 599 1406 specus
625 1356 665 1391 et
690 1349 924 1405 Cyclopum
949 1364 1075 1391 exesa
1098 1350 1271 1392 caminis

136 1418 254 1454 antra
275 1410 466 1454 Aetnaea
489 1417 651 1462 tonant,
677 1411 885 1466 validique
909 1411 1130 1454 incudibus
1153 1412 1260 1454 ictus

136 1474 265 1517 auditi
286 1475 472 1516 referunt
495 1474 695 1530 gemitus,
722 1474 981 1528 striduntque
1006 1475 1192 1516 cavernis

137 1538 350 1579 stricturae
377 1536 614 1592 Chalybum
638 1542 679 1578 et
702 1535 941 1578 fornacibus
966 1536 1074 1593 ignis
1101 1536 1277 1587 anhelat,

135 1598 312 1642 Volcani
336 1599 484 1641 domus
509 1605 550 1641 et
573 1598 777 1641 Volcania
800 1599 966 1640 nomine
991 1598 1126 1640 tellus.

138 1661 217 1703 hoc
241 1667 339 1703 tunc
362 1661 597 1718 ignipotens
622 1660 737 1703 caelo
762 1661 976 1702 descendit
1000 1660 1053 1703 ab
1078 1661 1174 1702 alto.

137 1724 292 1765 ferrum
317 1723 564 1765 exercebant
586 1729 706 1766 vasto
732 1722 939 1779 Cyclopes
964 1723 1008 1765 in
1033 1729 1163 1774 antro,

137 1785 398 1840 Brontesque
423 1783 704 1841 Steropesque
728 1791 769 1827 et
791 1786 928 1827 nudus
953 1785 1141 1827 membra
1165 1785 1416 1841 Pyracmon.

140 1848 204 1890 his
228 1847 496 1889 informatum
519 1847 712 1890 manibus
736 1847 819 1890 iam
843 1854 960 1904 parte
983 1848 1114 1903 polita

139 1910 296 1951 fulmen
320 1915 425 1960 erat,
450 1916 536 1952 toto
559 1910 723 1966 genitor
748 1925 855 1964 quae
876 1910 1057 1966 plurima
1081 1910 1196 1952 caelo

138 1972 260 2014 deicit
283 1972 328 2013 in
350 1977 498 2023 terras,
522 1987 619 2028 pars
644 1972 874 2028 inperfecta
895 1972 1102 2014 manebat.

140 2035 211 2076 tris
236 2033 380 2076 imbris
404 2035 500 2076 torti
522 2035 679 2085 radios,
706 2035 779 2077 tris
803 2034 926 2077 nubis
951 2050 1132 2089 aquosae

140 2096 399 2147 addiderant,
423 2097 549 2139 rutuli
573 2097 646 2139 tris
671 2098 779 2154 ignis
805 2104 846 2139 et
869 2097 977 2140 alitis
1002 2099 1143 2140 austri.

141 2159 324 2215 fulgores
346 2173 459 2201 nunc
481 2159 679 2201 terrificos
706 2160 968 2214 sonitumque
991 2166 1231 2215 metumque

141 2220 370 2262 miscebant
393 2221 508 2275 operi
531 2221 791 2276 flammisque
816 2222 1064 2276 sequacibus
1088 2224 1185 2265 iras.

141 2287 256 2338 parte
280 2282 362 2324 alia
383 2281 511 2323 Marti
536 2297 783 2338 currumque
806 2290 1000 2339 rotasque
1025 2285 1214 2326 volueres

142 2343 369 2394 instabant,
394 2343 545 2398 quibus
568 2344 637 2386 ille
661 2345 792 2396 viros,
817 2346 968 2400 quibus
994 2347 1148 2388 excitat
1171 2346 1309 2396 urbes,

143 2405 391 2461 Aegidaque
414 2405 677 2456 horriferam,
702 2406 890 2449 turbatae
913 2407 1099 2449 Palladis
1123 2423 1250 2458 arma,

144 2467 330 2509 certatim
354 2467 539 2522 squamis
565 2474 802 2523 serpentum
827 2483 1011 2523 auroque
1034 2469 1233 2525 polibant,

144 2544 436 2585 connexosque
460 2530 608 2586 anguis
633 2531 850 2586 ipsamque
873 2531 916 2572 in
939 2538 1106 2587 pectore
1131 2532 1252 2573 divae

146 2590 364 2647 Gorgona,
389 2592 557 2635 desecto
580 2599 807 2634 vertentem
832 2593 989 2635 lumina
1013 2594 1130 2636 collo.

148 2653 301 2704 „tollite
326 2657 500 2696 cuncta“
526 2655 658 2709 inquit
684 2661 961 2711 „coeptosque
986 2655 1145 2697 auferte
1168 2655 1344 2705 labores,

148 2714 325 2758 Aetnaei
350 2715 579 2772 Cyclopes,
606 2723 645 2759 et
670 2717 751 2760 huc
775 2718 976 2760 advertite
1000 2724 1197 2760 mentem:

1520 553 1586 584 405

1523 864 1592 895 410

1526 1177 1591 1206 415

1527 1489 1594 1519 420

1530 1800 1594 1830 4‘25

1531 2111 1599 2140 430

1532 2420 1598 2451 435

1530 2729 1597 2758 440
