1820 3080
403 294 483 334 228
802 300 843 333 P.
863 297 1092 334 vascam
1111 267 1335 331 MARONIS

402 401 548 442 nobilis
573 405 612 440 et
634 399 746 439 fama
768 397 905 438 multis
929 401 1177 437 memoratus
1201 395 1244 435 in
1267 397 1362 445 oris,

314 476 378 507 565
402 459 616 502 Amsancti
638 458 784 507 valles3
809 456 946 497 densis
969 456 1079 496 hunc
1101 455 1314 497 frondibus
1340 462 1471 498 atrum

401 526 547 575 urguet
570 519 772 571 utrimque
796 517 902 558 latus
926 516 1122 565 nemoris,
1148 516 1363 569 medioque
1387 517 1575 572 fragosus

402 582 471 622 dat
495 580 671 621 sonitum
695 578 805 619 saxis
831 583 871 619 et
893 583 998 619 torto
1022 577 1173 619 vertice
1196 583 1365 619 torrens.

401 642 467 681 hic
491 654 637 694 specus
661 639 907 680 horrendum
930 644 971 679 et
994 638 1107 680 saevi
1131 638 1333 692 spiracula
1354 638 1466 679 Ditis

401 706 692 749 monstrantur,
716 705 917 753 ruptoque
939 699 1084 754 ingens
1108 697 1342 739 Acheronte
1365 713 1518 753 vorago

315 774 378 804 570
401 761 616 814 pestiferas
641 759 771 814 aperit
794 759 953 808 fauces,
978 759 1070 812 quis
1095 759 1257 800 condita
1279 758 1444 813 Erinys,

402 821 579 862 invisum
602 834 771 868 numen,
796 825 923 860 terras
949 819 1187 872 caelumque
1209 818 1384 860 levabat.

457 880 544 922 Nec
567 881 701 921 minus
725 880 880 920 interea
903 885 1125 920 extremam
1152 878 1344 921 Saturnia
1365 878 1473 920 bello

402 941 559 995 inponit
581 941 722 996 regina
744 955 923 981 manum.
947 940 1028 981 ruit
1050 940 1181 981 omnis
1204 940 1248 980 in
1269 939 1412 981 urbem

402 1007 611 1055 pastorum
636 1015 687 1041 ex
710 1000 796 1041 acie
820 1015 1031 1050 numerus,
1057 1014 1280 1053 caesosque
1302 1006 1509 1054 reportant

315 1075 378 1105 575
404 1060 624 1102 Almonem
647 1075 820 1115 puerum
844 1061 1075 1114 foedatique
1099 1075 1170 1102 ora
1194 1059 1372 1109 Galaesi,

403 1121 685 1175 inplorantque
710 1121 808 1162 deos
833 1120 1168 1174 obtestanturque
1190 1121 1400 1161 Latinum.

404 1181 569 1222 Turnus
594 1181 727 1229 adest,
752 1181 966 1234 medioque
989 1181 1033 1221 in
1056 1181 1221 1222 crimine
1245 1181 1380 1222 caedis
1406 1189 1446 1221 et
1467 1181 1553 1236 igni

403 1248 598 1282 terrorem
620 1241 860 1296 ingeminat:
886 1241 1067 1282 Teucros
1091 1241 1135 1282 in
1155 1256 1284 1296 regna
1308 1241 1458 1290 vocari,

405 1302 572 1356 stirpem
595 1302 810 1342 admisceri
832 1301 1077 1356 Phrygiam,
1105 1316 1149 1343 se
1173 1301 1311 1342 limine
1333 1301 1441 1355 pelli.

317 1376 381 1406 580
405 1369 509 1411 tum,
535 1376 708 1415 quorum
733 1362 926 1403 attonitae
949 1362 1115 1403 Baccho
1139 1377 1307 1403 nemora
1330 1362 1422 1402 avia
1444 1368 1593 1402 matres

403 1423 599 1464 insultant
622 1422 784 1471 thiasis,
815 1447 870 1452 —
892 1437 1025 1475 neque
1049 1423 1157 1463 enim
1180 1422 1269 1464 leve
1292 1437 1442 1463 nomen
1465 1422 1658 1473 Amatae,
1690 1447 1740 1454 ·-

404 1483 583 1535 undique
608 1482 766 1523 collecti
789 1489 955 1532 coeunt,
979 1482 1239 1536 Martemque
1263 1483 1447 1538 fatigant.

404 1543 514 1584 ilicet
536 1542 750 1583 infandum
774 1543 909 1583 cuncti
932 1548 1073 1584 contra
1096 1544 1232 1585 omina
1254 1543 1419 1593 bellum,

407 1611 547 1645 contra
570 1604 656 1645 fata
679 1604 821 1653 deum,
845 1619 1037 1659 perverso
1061 1605 1227 1646 numine
1249 1611 1436 1660 poscunt.

319 1676 382 1707 585
408 1664 594 1706 certatim
616 1664 726 1719 regis
751 1664 1013 1706 circumstant
1035 1671 1143 1707 tecta
1164 1666 1305 1707 Latini
1312 1681 1324 1715 3

406 1725 475 1766 ille
499 1725 611 1766 velut
633 1725 770 1780 pelagi
792 1740 914 1780 rupes
938 1726 1093 1767 inmota
1115 1726 1280 1776 resistit,

406 1791 452 1826 ut
473 1785 610 1840 pelagi
632 1800 756 1840 rupes
780 1801 931 1841 magno
954 1787 1142 1828 veniente
1165 1787 1340 1843 fragore,

407 1859 511 1898 quae
536 1860 625 1887 sese
648 1846 786 1887 multis
810 1846 963 1887 circum
986 1847 1223 1889 latrantibus
1247 1848 1368 1889 undis

407 1906 514 1947 mole
537 1911 665 1956 tenet3
690 1906 848 1960 scopuli
870 1907 1119 1960 nequiquam
1142 1913 1182 1948 et
1206 1922 1375 1962 spumea
1399 1908 1552 1948 circum

320 1978 385 2009 590
409 1980 509 2006 saxa
531 1965 726 2015 fremunt,
751 1965 946 2019 laterique
969 1967 1089 2008 inlisa
1109 1967 1337 2008 refunditur
1360 1967 1465 2022 alga.

408 2040 550 2066 verum
572 2026 644 2067 ubi
665 2026 777 2067 nulla
799 2026 918 2067 datur
941 2041 1108 2068 caccum
1131 2042 1375 2082 exsuperare
1397 2032 1579 2082 potestas

409 2087 624 2127 consilium
647 2092 688 2127 et
711 2101 858 2128 saevae
880 2092 984 2128 nutu
1006 2088 1174 2129 Iunonis
1199 2093 1297 2129 eunt
1318 2102 1397 2137 res,

408 2146 537 2188 multa
559 2147 657 2188 deos
682 2161 884 2201 aurasque
907 2153 1023 2202 pater
1045 2153 1216 2189 testatus
1240 2148 1385 2198 inanis,

413 2207 665 2263 „frangimur
686 2208 769 2249 heu
791 2207 918 2249 fatis“
943 2208 1075 2262 inquit
1099 2209 1372 2262 „ferimurque
1395 2206 1590 2263 procellal

322 2280 386 2311 595
409 2268 490 2322 ipsi
511 2269 586 2310 has
612 2269 808 2324 sacrilego
831 2270 1015 2324 pendetis
1041 2270 1239 2326 sanguine
1262 2285 1430 2325 poenas,

413 2343 437 2370 o
461 2329 610 2370 miseri.
635 2335 694 2380 te,
720 2329 878 2380 Turne,
902 2330 1039 2380 nefas,
1063 2336 1104 2372 te
1127 2331 1241 2372 triste
1265 2330 1446 2372 manebit

414 2390 679 2445 supplicium,
704 2391 892 2444 votisque
916 2392 1015 2433 deos
1038 2391 1284 2434 venerabere
1308 2391 1422 2433 seris.

411 2466 508 2492 nam
530 2451 631 2492 mihi
652 2457 770 2506 parta
792 2453 927 2506 quies,
952 2452 1165 2507 omnisque
1187 2453 1230 2494 in
1251 2453 1390 2494 limine
1411 2457 1571 2507 portus3

376 2556 378 2558 v
411 2511 554 2553 funere
577 2512 687 2554 felici
710 2513 899 2568 spolior.“
923 2528 1000 2555 nec
1021 2513 1140 2568 plura
1161 2514 1322 2555 locutus

327 2583 391 2614 600
415 2574 567 2627 saepsit
591 2588 635 2615 se
658 2574 794 2623 tectis,
819 2589 1035 2628 rerumque
1057 2575 1219 2629 reliquit
1241 2574 1433 2616 habenas.

468 2632 564 2674 Mos
589 2639 675 2675 erat
696 2633 902 2689 Hesperio
925 2635 969 2676 in
990 2635 1133 2685 Latio,
1158 2649 1281 2688 quem
1302 2634 1486 2690 protinus
1510 2633 1631 2674 urbes

413 2690 601 2734 Albanae
625 2693 785 2735 coluere
809 2693 988 2745 sacrum,
1012 2709 1121 2736 nunc
1143 2695 1322 2736 maxima
1343 2708 1478 2735 rerum
