1800 3106
577 279 835 318 AENEIDOS
854 280 951 316 LIB.
971 279 1038 315 XI.
1406 269 1490 311 303

124 390 225 446 quin
248 403 328 445 ego
351 402 437 430 non
461 387 541 429 alio
566 386 713 443 digner
736 392 777 427 te
800 384 963 434 funere,
988 383 1121 434 Palla,

124 467 250 507 quam
276 451 371 507 pius
394 448 565 492 Aeneas
590 456 632 491 et
653 463 780 503 quam
803 447 947 503 magni
969 446 1161 502 Phryges
1186 451 1228 487 et
1251 459 1377 500 quam
1519 458 1582 488 170

124 512 412 570 Tyrrhenique
436 511 584 561 duces,
608 510 874 566 Tyrrhenum
898 508 1102 550 exercitus
1128 507 1276 550 omnis.

123 590 278 632 magna
301 581 471 629 tropaea
493 573 652 623 ferunt,
677 586 784 626 quos
809 572 880 614 dat
902 578 975 613 tua
998 571 1168 613 dextera
1191 569 1293 620 leto;

124 646 170 680 tu
193 651 361 692 quoque
384 650 496 677 nunc
520 641 651 677 stares
675 634 854 676 inmanis
879 640 1050 675 truncus
1074 633 1118 674 in
1141 632 1280 682 armis,

125 705 236 742 esset
258 714 334 755 par
357 704 472 740 aetas
497 703 539 739 et
560 696 673 738 idem
697 696 733 738 si
755 695 883 738 robur
906 694 959 738 ab
984 695 1116 746 annis,

125 761 279 804 Turne.
306 760 381 802 sed
403 759 550 814 infelix
574 758 759 800 Teucros
783 757 885 812 quid
907 757 1100 799 demoror
1122 756 1273 799 armis?
1522 771 1585 801 175

125 823 264 865 vadite
288 828 330 865 et
353 822 456 864 haec
478 835 683 863 memores
707 820 797 876 regi
819 819 1016 862 mandata
1038 818 1209 861 referte:

126 885 239 939 quod
262 885 391 926 vitam
414 898 552 925 moror
574 882 771 932 invisam,
795 880 986 924 Pallante
1010 886 1237 937 perempto,

127 948 296 988 dextera
320 960 471 987 caussa
493 952 566 987 tua
589 951 671 995 est,
697 943 888 985 Turnum
911 949 1122 1000 gnatoque
1145 942 1335 998 patrique

126 1024 253 1064 quam
277 1007 428 1050 debere
451 1007 582 1049 vides.
607 1006 764 1048 meritis
788 1011 911 1048 vacat
933 1005 1002 1048 hic
1025 1005 1102 1047 tibi
1126 1005 1239 1047 solus

127 1073 399 1124 fortunaeque
421 1069 552 1111 locus.
577 1083 663 1110 non
685 1068 796 1110 vitae
819 1067 974 1124 gaudia
997 1081 1165 1121 quaero,
1526 1078 1588 1110 180

126 1147 204 1176 nec
226 1132 311 1183 fas,
337 1132 412 1174 sed
434 1138 562 1188 gnato
586 1130 721 1172 manis
745 1129 927 1185 perferre
953 1129 1031 1172 sub
1055 1129 1202 1171 imos.“

183 1194 349 1237 Aurora
371 1194 529 1235 interea
551 1193 714 1235 miseris
738 1191 983 1234 mortalibus
1007 1191 1162 1233 almam

129 1256 331 1299 extulerat
352 1256 508 1305 lucem,
532 1255 717 1297 referens
742 1269 869 1310 opera
891 1261 1016 1308 atque
1038 1253 1223 1296 labores:

129 1319 213 1361 iam
235 1324 353 1373 pater
375 1319 565 1367 Aeneas,
590 1317 674 1359 iam
698 1331 825 1358 curvo
847 1316 892 1358 in
914 1316 1034 1358 litore
1058 1315 1253 1358 Tarchon

131 1380 382 1423 constituere
404 1394 544 1435 pyras.
569 1379 652 1420 huc
675 1393 848 1434 corpora
870 1378 1047 1433 quisque
1073 1393 1242 1420 suorum
1528 1391 1589 1423 185

129 1458 246 1486 more
269 1443 399 1485 tulere
421 1449 606 1498 patrum,
632 1440 911 1495 subiectisque
934 1440 1103 1497 ignibus
1126 1442 1228 1483 atris

132 1505 322 1548 conditur
343 1505 387 1547 in
410 1503 603 1546 tenebras
627 1503 758 1545 altum
781 1502 958 1559 caligine
983 1503 1157 1545 caelum,

132 1577 194 1610 ter
217 1567 371 1610 circum
396 1581 594 1609 accensos
620 1566 745 1608 cincti
767 1564 1026 1622 fulgentibus
1050 1565 1176 1607 armis

132 1631 348 1673 decurrere
371 1644 516 1686 rogos,
541 1634 604 1671 ter
626 1633 833 1670 maestum
856 1627 1015 1669 funeris
1038 1627 1182 1684 ignem

132 1693 360 1735 lustravere
382 1691 429 1734 in
451 1691 590 1746 equis,
615 1690 881 1744 ululatusque
905 1704 976 1732 ore
1000 1689 1164 1732 dedere.
1529 1703 1593 1735 190

133 1755 343 1811 spargitur
366 1760 408 1797 et
430 1753 554 1796 tellus
577 1752 779 1803 lacrimis,
805 1759 1058 1808 sparguntur
1081 1758 1122 1794 et
1145 1767 1272 1794 arma.

132 1817 165 1858 it
188 1816 304 1858 caelo
329 1816 566 1870 clamorque
590 1815 726 1856 virum
750 1813 1003 1870 clangorque
1027 1813 1234 1856 tubarum.

131 1879 202 1921 hic
224 1878 294 1921 alii
319 1879 451 1934 spolia
474 1877 623 1920 occisis
648 1877 820 1932 derepta
842 1876 1008 1918 Latinis

135 1941 343 1983 coniciunt
364 1941 471 1997 igni,
496 1940 638 1996 galeas
663 1953 868 1994 ensesque
892 1938 1065 1981 decoros
1098 1975 1102 1979 .

135 2002 334 2057 frenaque
358 2003 649 2056 ferventesque
671 2007 803 2052 rotas,
828 2016 925 2057 pars
949 2015 1123 2044 munera
1146 2007 1256 2052 nota,
1531 2014 1593 2045 195

135 2065 320 2120 ipsorum
344 2065 499 2120 clipeos
525 2071 567 2106 et
591 2079 676 2106 non
699 2064 838 2106 felicia
861 2063 955 2105 tela.

135 2126 267 2168 multa
290 2126 417 2169 boum
441 2127 550 2168 circa
572 2132 806 2168 mactantur
829 2140 1002 2182 corpora
1024 2126 1160 2176 morti,

138 2189 448 2244 saetigerosque
473 2203 569 2231 sues
593 2195 816 2243 raptasque
841 2203 893 2230 ex
917 2188 1111 2230 omnibus
1137 2188 1248 2244 agris

137 2250 182 2291 in
204 2249 415 2291 flammam
439 2250 629 2306 iugulant
651 2250 847 2304 pecudes.
874 2256 963 2291 tum
985 2250 1104 2291 litore
1128 2255 1215 2291 toto

139 2311 320 2353 ardentis
346 2318 534 2366 spectant
558 2311 713 2361 socios,
740 2311 1020 2365 semiustaque
1046 2318 1212 2352 servant
1531 2323 1596 2354 200

140 2372 281 2423 busta,
305 2387 442 2427 neque
466 2372 588 2414 avelli
611 2380 806 2428 possunt,
832 2387 917 2414 nox
939 2373 1112 2414 humida
1135 2373 1268 2414 donec

140 2434 307 2476 invertit
330 2435 491 2476 caelum
515 2434 645 2476 stellis
669 2434 908 2476 ardentibus
934 2441 1089 2489 aptum.

197 2496 285 2538 Nec
309 2497 447 2539 minus
472 2502 513 2538 et
535 2496 677 2538 miseri
701 2497 865 2538 diversa
888 2497 930 2538 in
952 2505 1069 2552 parte
1091 2496 1235 2538 Latini

142 2560 378 2600 innumeras
403 2565 591 2601 struxere
614 2573 759 2614 pyras,
785 2564 827 2600 et
850 2573 1023 2614 corpora
1045 2558 1196 2614 partim

143 2620 273 2662 multa
295 2620 430 2662 virum
454 2627 587 2662 terrae
610 2620 836 2670 infodiunt,
863 2627 1090 2675 avectaque
1112 2621 1263 2676 partim
1532 2633 1596 2665 ‘205

144 2682 338 2725 finitimos
363 2683 512 2725 tollunt
534 2683 578 2724 in
602 2697 744 2738 agros,
769 2682 945 2738 urbique
967 2683 1200 2733 remittunt3

145 2750 280 2785 cetera
304 2744 585 2799 confusaeque
608 2745 819 2801 ingentem
844 2745 982 2788 caedis
1007 2759 1199 2788 acervum
