1774 3068
515 318 815 357 GEORGICON
834 319 933 355 LIB.
951 320 982 354 Ι.

63 426 182 468 multi
205 431 299 467 ante
323 439 517 466 occasum
540 423 681 466 Maiae
706 438 896 479 coepere:
922 423 997 466 sed
1019 423 1112 466 illos

63 493 302 544 exspectata
326 501 446 543 seges
471 486 589 528 vanis
614 485 737 527 elusit
760 485 916 527 avenis.

65 550 101 592 si
126 564 223 591 vero
246 549 481 603 viciamque
506 562 617 590 seres
642 547 848 601 vilemque
871 547 1102 603 phaselum,

63 626 141 654 nec
163 610 406 653 Pelusiacae
431 625 574 652 curam
597 609 871 665 aspernabere
893 609 1032 660 lentis,

63 673 176 715 haud
200 672 378 715 obscura
402 673 555 714 cadens
578 672 713 714 mittet
736 671 811 714 tibi
834 671 955 728 signa
977 672 1154 715 Bootes:

61 735 197 790 incipe
222 741 264 776 et
286 735 340 776 ad
363 734 521 776 medias
547 739 775 776 sementem
798 734 976 776 extende
999 734 1182 789 pruinas.

118 796 280 839 Idcirco
305 795 425 837 certis
448 795 684 837 ‘dimensum
706 794 893 849 partibus
917 794 1060 838 orbem

61 874 136 915 per
159 858 351 900 duodena
372 857 480 913 regit
502 856 647 898 mundi
677 856 742 898 sol
770 871 920 899 aureus
945 863 1069 899 astra.

61 921 244 976 quinque
267 925 409 961 tenent
432 917 594 960 caelum
617 931 765 968 zonae,
790 931 967 972 quarum
990 933 1074 960 una
1097 934 1269 963 corusco

62 998 226 1039 semper
250 976 335 1024 sole
360 980 513 1023 rubens
538 986 580 1022 et
602 979 757 1021 torrida
780 994 945 1035 semper
968 979 1021 1023 ab
1045 981 1134 1038 igni
1142 998 1153 1032 ;

61 1060 187 1100 quam
211 1044 368 1086 circum
392 1048 600 1085 extremae
625 1042 771 1084 dextra
792 1041 995 1096 laevaque
1019 1043 1250 1094 trahuntur,

62 1107 252 1150 caerulea
274 1105 408 1162 glacie
432 1110 648 1147 concretae
671 1110 795 1159 atque
818 1103 1021 1147 imbribus
1046 1105 1158 1148 atris.

62 1169 139 1211 has
163 1169 269 1210 inter
290 1167 552 1222 mediamque
576 1166 683 1209 duae
706 1165 949 1208 mortalibus
973 1167 1110 1223 aegris

64 1245 234 1273 munere
258 1243 480 1272 concessae
504 1229 664 1280 divom3
689 1235 731 1270 et
753 1228 822 1270 via
846 1235 961 1271 secta
982 1243 1058 1285 per
1080 1229 1240 1281 ambas,

63 1293 255 1347 obliquus
279 1306 363 1347 qua
386 1306 431 1334 se
456 1291 670 1348 signorum
693 1297 871 1334 verteret
893 1292 1007 1334 ordo.

61 1355 242 1397 mundus
266 1361 313 1396 ut
335 1354 389 1396 ad
415 1352 631 1409 Scythiam
653 1353 977 1409 Rhiphaeasque
1001 1355 1155 1398 arduus
1181 1370 1296 1398 arces

62 1417 292 1473 consurgit,
317 1415 516 1472 premitur
538 1415 702 1471 Libyae
725 1416 910 1458 devexus
934 1416 978 1458 in
1001 1423 1176 1460 austros.

61 1479 129 1521 nic
152 1484 296 1521 vertex
319 1477 438 1520 nobis
465 1492 628 1533 semper
652 1477 860 1528 sublimis3
884 1485 928 1520 at
949 1478 1066 1520 illum

12 1535 14 1563 ἓ
63 1540 141 1583 sub
165 1539 342 1596 pedibus
369 1538 477 1595 Styx
500 1546 590 1581 atra
612 1539 726 1582 videt
753 1553 983 1594 manesque
1006 1540 1216 1596 profundi.

11 1619 12 1623 ¹
62 1603 270 1645 maximus
293 1602 361 1644 hic
384 1602 496 1644 flexu
520 1602 689 1644 sinuoso
713 1602 891 1644 elabitur
912 1601 1082 1659 Anguis

63 1667 218 1708 circum
240 1680 397 1721 perque
421 1666 525 1708 duas
549 1665 594 1706 in
617 1680 776 1707 morem
797 1665 979 1708 fluminis
1003 1666 1171 1716 Arctos,

10 1779 11 1783 Ἰ
64 1728 217 1770 Arctos
243 1726 406 1770 Oceani
430 1734 660 1769 metuentes
684 1741 863 1781 aequore
886 1727 1032 1783 tingui.

62 1790 164 1840 illic,
189 1795 234 1831 ut
258 1789 493 1844 perhibent,
519 1795 590 1831 aut
613 1789 861 1844 intempesta
885 1788 979 1830 silet
1001 1803 1102 1845 nox*

64 1866 228 1906 semper
251 1857 292 1892 et
315 1850 484 1893 obtenta
507 1850 733 1892 densentur
754 1856 874 1892 nocte
899 1850 1114 1901 tenebrae3

8 1959 10 1961 ,
63 1921 134 1956 aut
156 1913 262 1955 redit
285 1928 310 1955 a
333 1913 452 1955 nobis
485 1925 634 1955 aurora
666 1912 860 1966 diemque
883 1912 1061 1963 reducit3

9 1975 14 1977 ’
62 1990 221 2030 nosque
246 1974 317 2017 ubi
339 1972 498 2031 primus
523 1974 641 2029 equis
668 1973 822 2017 Oriens
846 1974 1016 2016 adflavit
1039 1974 1212 2025 anhelis,

63 2038 145 2080 illic
170 2052 262 2079 sera
284 2037 438 2079 rubens
462 2036 651 2079 accendit
673 2036 831 2078 lumina
855 2050 1016 2092 vesper.

63 2100 158 2141 hinc
182 2106 450 2155 tempestates
475 2098 602 2141 dubio
625 2098 886 2154 praediscere
910 2099 1024 2141 caelo

6 2218 7 2221 Ἴ
62 2177 304 2217 possumus,
330 2161 427 2203 hinc
450 2161 683 2215 messisque
706 2161 817 2202 diem
841 2167 1088 2216 tempusque
1113 2163 1290 2212 serendi,

65 2231 105 2267 et
128 2224 292 2279 quando
316 2223 490 2265 infidum
513 2223 638 2266 remis
662 2223 858 2279 inpellere
882 2239 1064 2266 marmor

64 2286 299 2335 conveniat,
315 2286 491 2339 -quando
516 2292 695 2328 armatas
719 2286 924 2327 deducere
948 2285 1107 2336 classis,

64 2354 135 2390 aut
158 2347 446 2402 tempestivam
471 2347 586 2389 silvis
611 2354 794 2390 evertere
817 2348 975 2403 pinum.

120 2409 209 2451 Nec
232 2409 388 2450 frustra
412 2409 625 2464 signorum
650 2409 787 2451 obitus
813 2410 1077 2464 speculamur
1099 2416 1141 2451 et
1164 2417 1292 2459 ortus,

6 2510 10 2513 ,
66 2470 406 2526 temporibusque
429 2485 573 2526 parem
596 2471 771 2513 diversis
794 2477 990 2524 quattuor
1012 2486 1179 2512 annum.

19 2566 23 2567 γ
66 2533 243 2590 frigidus
267 2532 493 2589 agricolam
518 2532 554 2574 si
577 2532 743 2586 quando
767 2532 949 2574 continet
971 2532 1116 2582 imber,

33 2610 35 2615 ’
66 2595 214 2644 multa,
240 2594 376 2636 forent
399 2609 506 2649 quae
528 2601 625 2650 post
649 2593 763 2636 caelo
785 2594 1046 2649 properanda
1070 2609 1228 2644 sereno,

0 2667 2 2708 J
67 2663 270 2699 maturare
294 2658 433 2699 datur:
459 2658 608 2699 durum
633 2657 822 2713 procudit
846 2663 982 2699 arator

28 2773 30 2775 ‚
67 2719 245 2761 vomeris
269 2718 436 2761 obtunsi
459 2720 645 2770 dentem3
671 2726 790 2761 cavat
813 2718 959 2761 arbore
982 2719 1144 2769 lintres3

0 2825 5 2830 Γ
69 2785 140 2820 aut
161 2780 301 2835 pecori
325 2781 490 2837 signum
514 2787 586 2824 aut
608 2796 803 2824 numeros
827 2781 1023 2837 inpressit
1046 2781 1220 2824 acervis.

1145 2851 1200 2889 3*

1370 313 1428 355 35

1452 440 1516 472 225

1454 751 1519 783 230

1454 1060 1520 1092 235

1455 1372 1522 1402 240

1451 1677 1517 1707 245

1455 1990 1522 2020 250

1455 2609 1520 2640 ‘260
