1794 3048
351 384 411 415 185

350 684 412 715 190

351 987 412 1018 195

350 1291 415 1321 200

351 1594 415 1624 205

352 1896 416 1925 210

350 2198 415 2228 215

352 2500 417 2531 220

439 263 517 302 114
836 270 875 303 Ρ.
896 267 1126 303 VERGILII
1144 266 1366 304 MARONIS

435 370 646 413 roboribus
672 368 792 410 textis
817 367 1010 420 caeloque
1034 367 1212 408 educere·
1228 367 1358 417 iussit,

436 446 487 472 ne
510 429 636 483 recipi
659 428 786 483 portis
811 433 881 468 aut
903 427 999 468 duci
1021 427 1064 468 in
1086 427 1247 467 moenia
1269 429 1422 481 possit,-

435 505 515 531 neu
537 489 735 544 populum
759 487 925 540 antiqua
948 486 1024 528 sub
1047 487 1243 542 religione
1268 488 1382 528 tucri.

436 565 530 591 nam
554 549 590 590 si
612 554 747 589 vestra
769 562 915 589 manus
938 547 1132 588 violasset
1155 547 1262 588 dona
1285 547 1509 597 Minervae,

435 619 522 651 tum
545 621 741 664 magnum
764 608 934 649 exitium
957 633 1010 638 ——
1034 608 1144 661 quod
1167 608 1209 648 di
1231 608 1343 662 prius
1368 623 1488 650 omen
1509 609 1552 649 in
1574 609 1708 664 ipsum

437 668 691 722 convertantl
716 694 770 699 —-
793 668 949 710 Priami
970 669 1141 723 imperio
1164 668 1481 724 Phrygibusque
1504 669 1703 718 futurum3

436 732 500 773 sin
522 730 710 772 manibus
734 730 880 771 vestris
904 736 1082 771 vestram
1105 730 1356 771 ascendisset
1378 730 1420 771 in
1443 730 1598 780 urbem,

436 793 541 834 ultro
564 791 712 833 Asiam
736 805 886 846 magno
909 790 1090 845 Pelopea
1113 791 1166 832 ad
1189 791 1348 832 moenia
1370 790 1477 832 bello

435 859 667 902 venturam,
692 858 733 893 et
754 857 916 893 nostros
939 866 989 893 ea
1012 851 1097 893 fata
1119 855 1283 892 manere
1305 855 1514 906 nepotes.“

492 913 663 955 Talibus
687 913 844 954 insidiis
868 913 1099 967 periurique
1124 918 1208 953 arte
1234 911 1400 954 Sinonis

437 974 587 1015 credita
609 988 693 1024 res,
719 974 906 1028 captique
930 974 1033 1015 dolis
1057 973 1314 1026 lacrimisque
1338 974 1500 1023 coactis,

436 1049 539 1088 quos
564 1048 695 1087 neque
721 1034 922 1088 Tydides,
947 1048 1023 1075 nec
1045 1034 1291 1075 Larissaeus
1313 1033 1511 1083 Achilles,

437 1110 520 1136 non
543 1095 638 1136 anni
662 1095 853 1137 domuere
877 1095 1038 1144 decem,
1063 1109 1144 1135 non
1168 1094 1277 1135 mille
1301 1095 1471 1136 carinae.

492 1156 576 1197 Hic
601 1155 711 1196 aliud
734 1155 865 1196 maius
889 1155 1048 1196 miseris
1072 1155 1279 1208 multoque
1303 1155 1557 1196 tremendum

439 1216 612 1258 obicitur
634 1216 766 1271 magis
791 1222 912 1270 atque
935 1216 1148 1270 inprovida
1170 1221 1336 1270 pectora
1359 1215 1504 1256 turbat.

437 1277 653 1326 Laocoon,
679 1277 825 1318 ductus
848 1277 1040 1331 Neptuno
1065 1283 1173 1318 sorte
1198 1276 1401 1325 sacerdos,

438 1337 645 1379 'sollemnis
670 1343 831 1378 taurum
853 1338 1060 1391 ingentem
1085 1336 1288 1378 mactabat
1311 1337 1365 1377 ad
1388 1351 1490 1378 aras.

440 1412 533 1439 ecce
558 1404 694 1439 autem
716 1398 869 1453 gemini
893 1413 918 1438 a
940 1397 1109 1438 Tenedo
1133 1397 1348 1450 tranquilla
1370 1411 1443 1452 per
1466 1397 1547 1438 alta
1572 1422 1624 1426 --

437 1459 627 1500 horresco
650 1458 831 1499 referens
855 1483 909 1488 —
933 1458 1127 1499 inmensis
1152 1457 1317 1499 orbibus
1342 1472 1497 1513 angues

439 1518 679 1561 incumbunt
701 1519 848 1575 pelago
872 1519 1101 1573 pariterque
1124 1520 1175 1560 ad
1199 1519 1316 1560 litora
1338 1520 1527 1561 tendunt:

438 1587 604 1636 pectora
626 1595 800 1634 quorum
823 1580 927 1621 inter
949 1580 1096 1621 fluctus
1121 1587 1276 1621 arrecta
1297 1579 1497 1634 iubaeque

439 1642 690 1698 sanguineae
714 1647 907 1696 superant
929 1641 1080 1689 unda-⁶33
1104 1654 1198 1694 pars
1222 1646 1355 1682 cetera
1377 1646 1547 1695 pontum

437 1717 544 1758 pone
567 1702 667 1758 legit
691 1702 905 1755 sinuatque
928 1701 1113 1742 inmensa
1135 1701 1340 1742 volumine
1364 1707 1490 1756 terga.

438 1763 484 1803 fit
508 1764 664 1805 sonitus
689 1768 902 1818 spumante
927 1762 1031 1811 salo;
1055 1762 1217 1815 iamque
1241 1776 1338 1802 arva
1361 1761 1563 1810 tenebant,

439 1824 705 1877 ardentisque
722 1823 861 1864 oculos
887 1823 1048 1864 suffecti
1071 1822 1269 1878 sanguine
1293 1828 1333 1863 et
1355 1822 1452 1877 igni,

441 1883 559 1925 sibila
580 1883 815 1925 lambebant
836 1883 987 1938 linguis
1013 1882 1264 1924 vibrantibus
1288 1897 1369 1924 ora.

439 1944 681 2000 diffugimus
704 1944 797 1985 visu
820 1958 1064 1998 exsangues.
1089 1943 1147 1984 illi
1170 1943 1331 1998 agmine
1356 1949 1464 1984 certo

439 2000 675 2041 Laocoonta
696 2004 839 2053 petunt
846 2014 857 2048 3
882 2005 921 2039 et
944 1999 1119 2053 primum
1142 2012 1269 2052 parva
1292 1998 1463 2039 duorum

440 2075 608 2115 corpora
630 2065 816 2101 natorum
841 2073 1006 2113 serpens
1030 2058 1242 2112 amplexus
1267 2064 1436 2110 uterque

439 2121 606 2175 inplicat
628 2126 669 2162 et
690 2120 861 2161 miseros
884 2134 1025 2161 morsu
1048 2119 1279 2173 depascitur
1301 2124 1430 2168 artus3

439 2188 533 2238 post
554 2182 708 2236 ipsum,
733 2181 884 2222 auxilio
908 2180 1151 2223 subeuntem
1173 2194 1222 2221 ac
1245 2179 1326 2221 tela
1348 2180 1556 2229 ferentem,

440 2243 678 2298 corripiunt,
703 2241 904 2296 spirisque
926 2241 1056 2296 ligant
1077 2240 1310 2297 ingentibus
1317 2256 1330 2291 ;
1355 2246 1395 2282 et
1417 2240 1498 2281 iam

440 2304 504 2346 bis
527 2303 707 2344 medium
730 2301 926 2357 amplexi,
950 2302 1015 2344 bis
1039 2301 1144 2343 collo
1169 2315 1363 2355 squamea
1386 2301 1537 2342 circum

440 2372 555 2420 terga
577 2363 679 2413 dati,
705 2369 897 2417 superant
920 2363 1051 2417 capite
1075 2367 1116 2404 et
1139 2361 1363 2404 cervicibus
1388 2361 1491 2403 altis.

440 2426 508 2467 ille
533 2423 654 2466 simul
675 2423 865 2466 manibus
890 2424 1018 2465 tendit
1041 2423 1231 2464 divellere
1254 2423 1396 2472 nodos,

440 2486 631 2542 perfusus
656 2484 768 2526 sanie
791 2484 912 2526 vittas
936 2490 1104 2538 atroque
1127 2498 1296 2534 veneno,

440 2547 636 2588 clamores
662 2545 783 2586 simul
805 2545 1026 2587 horrendos
1050 2544 1103 2586 ad
1127 2544 1260 2586 sidera
1282 2543 1401 2585 tollit:

440 2607 571 2660 qualis
595 2606 795 2662 mugitus,
819 2605 926 2662 fugit
949 2620 1043 2647 cum
1067 2605 1228 2647 saucius
1252 2619 1363 2646 aram

442 2674 581 2708 taurus
606 2673 646 2707 et
668 2667 863 2708 incertam
887 2666 1067 2708 excussit
1090 2666 1246 2707 cervice
1270 2665 1455 2706 securim.
