1820 3054
373 264 455 305 384
634 272 676 307 P.
696 269 926 307 VERGILII
944 267 1167 304 MARONIS
1188 268 1452 306 MORETUM.

364 373 462 423 inde
487 387 622 414 comas
647 371 729 425 apii
751 369 923 425 graciles
947 375 1161 422 rutamque
1183 367 1381 412 vire-ntem

304 448 345 478 90
368 434 480 475 vellit
503 439 543 474 ct
566 432 713 486 exiguo
738 430 948 472 coriandra
971 430 1183 471 trementia
1205 430 1285 472 fflo.

366 494 468 535 haec
490 492 560 534 ubi
584 491 764 547 collegit,
788 491 940 532 laetum
964 491 1149 532 consedit
1171 492 1224 532 ad
1245 491 1396 548 ignem,

366 560 407 595 et
429 553 538 594 clara
559 552 755 593 famulam
777 551 909 606 poscit
931 551 1122 592 mortaria
1144 566 1257 594 voce.

366 613 526 670 singula
549 620 645 654 tunc
668 613 847 667 capitum
870 613 1023 654 nodoso
1046 612 1194 654 cortice
1217 614 1356 664 nudat,

365 681 405 715 et
429 673 598 715 summis
624 673 769 728 spoliat
793 673 932 722 coriis,
958 679 1269 728 contemptaque
1291 675 1446 729 passim

299 749 340 778 95
366 734 521 790 spargit
543 735 657 775 humi
681 740 802 788 atque
826 733 961 775 abicit.
986 740 1192 775 servatum
1214 735 1257 775 in
1280 736 1462 790 germine
1485 735 1656 778 bulbum

363 795 512 851 tinguit
534 810 657 848 aqua,
683 794 912 849 lapidisque
936 809 1082 836 cavum
1107 795 1271 837 dimittit
1292 796 1336 837 in
1358 796 1510 839 orbem.

362 856 426 897 his
452 856 548 897 salis
571 856 769 911 inspergit
792 855 938 905 micas3
963 855 1047 897 sale
1071 856 1197 898 durus
1221 856 1347 899 adeso

363 931 507 958 caseus
531 916 720 967 adicitur;
744 917 873 958 dictas
899 930 1022 971 super
1043 916 1184 957 inserit
1206 916 1366 959 herbas.

363 984 403 1019 et
425 977 542 1019 laeva
564 984 722 1019 vestem
748 984 882 1019 setosa
905 977 982 1019 sub
1005 977 1174 1033 inguina
1196 978 1312 1020 fulcit
1320 995 1332 1029 3

276 1051 338 1082 100
362 1039 528 1080 dextera
549 1039 701 1094 pistillo
724 1039 900 1093 primum
922 1038 1145 1094 fragrantia
1167 1040 1296 1081 mollit

362 1100 474 1149 allia,
499 1105 586 1140 tum
608 1099 758 1155 pariter
780 1099 908 1140 mixto
931 1099 1023 1140 terit
1047 1099 1181 1141 omnia
1205 1115 1316 1142 suco.

362 1161 393 1202 it
415 1176 561 1202 manus
584 1161 628 1202 in
649 1176 816 1216 gyrum:
839 1160 1050 1215 paullatim
1075 1161 1236 1216 singula
1259 1162 1365 1204 vires

362 1222 589 1276 deperdunt
610 1222 813 1276 proprias3
837 1221 947 1262 color
970 1227 1033 1262 est
1055 1235 1078 1262 e
1100 1221 1284 1276 pluribus
1308 1238 1427 1272 unus,

361 1296 436 1323 nec
460 1288 568 1323 totus
592 1282 750 1331 viridis,
776 1281 872 1335 quia
894 1281 1025 1323 lactea
1047 1281 1178 1323 frusta
1199 1290 1442 1338 repugnant,

276 1355 338 1386 105
362 1357 438 1384 nec
461 1343 512 1384 de
534 1342 639 1384 lacte
662 1343 814 1392 nitens,
839 1342 935 1396 quia
958 1348 1017 1383 tot
1040 1343 1218 1384 variatur
1240 1343 1292 1385 ab
1315 1344 1464 1386 herbis.

362 1418 483 1459 saepe
507 1404 583 1445 viri
605 1418 723 1445 nares
748 1418 842 1444 acer
862 1403 1062 1444 iaculatur
1084 1410 1244 1458 apertas

361 1465 525 1520 spiritus
551 1470 591 1506 et
614 1464 716 1506 simo
741 1464 907 1505 damnat
931 1479 1006 1506 sua
1027 1465 1199 1519 prandia
1221 1465 1352 1516 voltu3

362 1540 484 1580 saepe
508 1540 631 1567 manu
656 1541 815 1567 summa
837 1525 1089 1567 lacrimantia
1110 1526 1264 1567 lumina
1287 1527 1419 1582 tergit,

361 1587 628 1640 inmeritoque
651 1586 792 1628 furens
816 1586 914 1628 dicit
937 1586 1120 1628 convicia
1142 1587 1268 1629 fumo.

275 1661 336 1690 110
360 1647 607 1702 procedebat
630 1661 752 1702 opus;
776 1661 852 1689 nec
875 1647 957 1688 iam
982 1646 1232 1697 salebrosus,
1257 1654 1302 1688 ut
1325 1654 1430 1697 ante,

361 1708 434 1749 sed
456 1708 620 1764 gravior
641 1708 772 1750 lentos
796 1708 882 1750 ibat
903 1708 1080 1762 pistillus
1104 1708 1148 1749 in
1171 1708 1302 1750 orbes.

359 1783 456 1824 crgo
479 1768 655 1810 Palladii
676 1774 814 1824 guttas
838 1769 1006 1810 instillat
1029 1769 1136 1819 olivi,

359 1829 578 1885 exiguique
602 1844 725 1885 super
748 1830 853 1871 vires
876 1829 1054 1871 infundit
1077 1831 1192 1880 aceti,

359 1896 481 1943 atque
505 1890 650 1931 iterum
674 1890 909 1932 commiscet
932 1905 1055 1945 opus,
1080 1891 1333 1945 mixtumque
1355 1898 1557 1934 retractat.

275 1965 336 1994 115
360 1956 447 1991 tum
472 1951 637 1991 demum
660 1951 798 2006 digitis
822 1951 1013 1992 mortaria
1035 1957 1120 1992 tota
1143 1952 1302 1993 duobus

360 2011 520 2060 circuit,
544 2011 667 2064 inque
690 2010 861 2066 globum
884 2011 1075 2052 distantia
1098 2012 1299 2053 contrahit
1323 2027 1461 2061 unum,

359 2078 516 2113 constet
538 2077 584 2112 ut
607 2071 741 2113 effecti
765 2071 920 2126 species
944 2086 1173 2125 nomenque
1196 2073 1350 2114 moreti.

360 2132 463 2173 eruit
485 2132 638 2173 interea
663 2130 840 2187 Scybale
863 2146 1026 2186 quoque
1051 2132 1192 2174 sedula
1214 2148 1373 2187 panem,

360 2208 482 2246 quem
505 2193 635 2235 laetus
658 2194 801 2248 recipit
823 2193 1029 2243 manibus,
1053 2194 1251 2248 pulsoque
1275 2195 1417 2236 timore

275 2267 336 2297 120
359 2254 440 2295 iam
465 2254 603 2304 famis,
629 2255 752 2308 inque
775 2255 884 2296 diem
908 2269 1074 2296 securus
1101 2254 1284 2297 Simulus
1308 2255 1432 2304 illam,

359 2315 486 2356 ambit
509 2330 627 2357 crura
649 2316 778 2357 ocreis
801 2315 986 2371 paribus,
1012 2322 1223 2370 tectusque
1245 2316 1383 2371 galero

360 2375 436 2417 sub
459 2375 557 2432 iuga
579 2382 767 2432 parentes
792 2377 902 2433 cogit
923 2377 1052 2418 lora'ta
1074 2377 1281 2426 iuvencos,

359 2442 480 2491 atque
504 2437 589 2493 agit
611 2437 654 2478 in
677 2443 837 2493 segetes
862 2444 901 2479 et
924 2443 1053 2479 terrae
1077 2438 1214 2479 condit
1237 2443 1426 2478 aratrum.
