1742 3042
285 467 326 498 95

265 773 326 802 100

266 1077 325 1107 105

269 1382 327 1411 110

294 2420 330 2448 10

295 2722 332 2751 15

354 286 407 328 10
753 294 797 328 Ρ.
817 292 1047 329 VERGlLII
1065 291 1287 329 MARONIS

350 394 411 436 M.
443 396 622 445 Parcite,
647 409 764 443 oves,
789 394 959 434 nimium
982 393 1216 446 procedere:
1241 408 1322 433 non
1345 393 1447 434 bene
1470 393 1580 447 ripae

351 458 545 507 creditur3
568 458 658 511 ipse
683 455 786 496 aries
811 454 933 495 etiam
956 468 1064 494 nunc
1087 454 1238 494 vellera
1261 454 1396 495 siccat.

350 518 406 559 D.
439 518 598 571 Tityre,
622 515 827 571 pascentis
852 530 877 555 a
898 514 1064 555 flumine
1087 515 1192 556 reice
1217 514 1410 569 capellas:

350 579 456 632 ipse,
481 578 552 618 ubi
575 583 736 630 tempus
761 576 853 625 erit,
879 575 1010 616 omnis
1033 575 1078 616 in
1099 575 1212 616 fonte
1235 575 1393 616 lavabo.

350 638 411 678 M.
446 637 593 692 Cogite
617 637 725 687 ovis,
749 637 884 691 pueri:
910 636 944 677 si
967 636 1030 677 lac
1052 637 1301 691 praeceperit
1325 642 1470 685 aestas,

350 705 395 738 ut
418 712 565 752 nuper,
590 697 741 739 frustra
763 696 1040 752 pressabimus
1064 697 1190 739 ubera
1212 697 1370 751 palmis.

349 759 405 800 D.
437 759 546 809 Heu,
567 760 660 808 heu,
680 773 802 812 quam
814 759 956 813 pingui
974 773 1110 799 macer
1122 765 1183 800 est
1195 759 1293 799 mihi
1305 765 1443 799 taurus
1462 759 1505 798 in
1517 758 1629 799 ervo!

349 821 457 861 idem
481 835 595 861 amor
617 820 786 860 exitium
808 819 964 873 pecori,
988 820 1228 873 pecorisque
1251 819 1458 873 magistro.

348 880 410 922 M.
442 881 520 922 His
534 887 640 922 certe
653 895 784 934 neque
802 895 915 921 amor
926 894 1073 921 caussa
1089 886 1168 921 est:
1187 880 1257 921 vix
1274 879 1435 921 ossibus
1453 879 1630 919 haerent.

349 942 487 983 nescio
511 942 602 995 quis
627 947 786 983 teneros
811 941 952 982 oculus
976 940 1076 981 mihi
1098 940 1272 982 fascinat
1296 955 1436 995 agnos.

349 1003 406 1044 D.
435 1003 536 1052 Dic,
561 1003 709 1056 quibus
733 1003 776 1043 in
799 1002 933 1052 terris,
959 1007 1000 1043 et
1022 1002 1101 1043 eris
1125 1002 1224 1042 mihi
1246 1016 1419 1056 magnus
1443 999 1608 1055 Apollo,

350 1064 422 1105 tris
446 1070 583 1117 pateat
607 1063 710 1105 caeli
733 1063 909 1118 spatium
931 1077 1015 1105 non
1037 1063 1210 1117 amplius
1234 1063 1364 1103 ulnas.

349 1125 411 1166 M.
441 1125 541 1175 Dic,
566 1125 714 1178 quibus
738 1125 782 1165 in
804 1124 919 1165 terris
943 1124 1125 1178 inscripti
1146 1123 1311 1164 nomina
1332 1137 1477 1178 regum

349 1192 569 1227 nascantur
590 1186 729 1235 flores,
755 1191 795 1227 et
816 1185 1008 1240 Phyllida
1031 1185 1142 1226 solus
1165 1184 1325 1225 habeto.

405 1246 454 1288 P.
485 1247 578 1288 Non
599 1252 784 1288 nostrum
806 1247 911 1287 inter
933 1261 1007 1287 vos
1032 1251 1164 1286 tantas
1189 1259 1415 1299 conponere
1439 1244 1547 1285 lites:

352 1313 393 1348 et
415 1307 544 1348 vitula
566 1313 611 1348 tu
634 1307 783 1362 dignus
807 1313 847 1348 et
870 1307 935 1347 hic
959 1313 1000 1347 et
1022 1306 1206 1359 quisquis
1230 1319 1388 1346 amores

352 1374 422 1409 aut
445 1374 598 1409 metuet
622 1368 752 1409 dulcis
777 1373 847 1409 aut
870 1367 1098 1422 experietur
1121 1380 1292 1407 amaros.

354 1431 527 1473 claudite
549 1431 631 1472 iam
654 1431 780 1480 rivos,
805 1431 939 1485 pueri:
965 1436 1028 1471 sat
1050 1435 1166 1484 prata
1188 1428 1388 1470 biberunt.

983 1607 1059 1649 IV.
1369 1613 1390 1631 ·

875 1725 1174 1765 POLIO.

410 1856 608 1899 Sicelides
631 1857 799 1907 Musae,
825 1856 962 1910 paullo
985 1855 1138 1896 maiora
1160 1854 1372 1896 canamus!

354 1932 437 1959 non
461 1917 593 1959 omnis
619 1918 786 1959 arbusta
808 1918 949 1958 iuvant
971 1915 1226 1968 humilesque
1249 1915 1437 1968 myricae.

358 1979 393 2020 si
417 1978 599 2019 canimus
624 1978 765 2027 silvas,
792 1977 917 2019 silvae
942 1976 1022 2017 sint
1045 1975 1210 2016 consule
1234 1975 1393 2029 dignae.

409 2039 567 2081 Ultima
591 2038 763 2080 Cumaei
786 2038 897 2080 venit
918 2037 1001 2078 iam
1024 2036 1213 2077 carminis
1237 2042 1367 2077 aetas:

353 2115 527 2156 magnus
552 2100 603 2141 ab
627 2100 784 2155 integro
810 2098 1035 2140 saeclorum
1058 2097 1238 2138 nascitur
1261 2097 1371 2138 ordo.
1434 2118 1438 2123 -

352 2163 435 2203 iam
457 2161 561 2202 redit
584 2166 625 2202 et
647 2160 795 2216 Virgo,
819 2160 990 2201 redeunt
1015 2157 1206 2200 Saturnia
1227 2172 1372 2212 regna3

353 2223 434 2263 iam
457 2237 564 2263 nova
585 2221 801 2276 progenies
825 2220 937 2262 caelo
961 2219 1183 2260 demittitur
1206 2218 1299 2260 alto.

353 2290 398 2323 tu
421 2283 542 2324 modo
565 2282 748 2323 nascenti
770 2296 916 2336 puero,
941 2294 1022 2334 quo
1045 2280 1176 2321 ferrea
1198 2279 1375 2334 primum

355 2344 511 2385 desinet
534 2358 582 2384 ac
605 2348 689 2384 toto
714 2348 854 2398 surget
876 2356 978 2398 gens
1002 2355 1125 2382 aurea
1147 2341 1312 2389 mundo,

355 2410 467 2446 casta
489 2404 583 2445 fave
605 2404 785 2445 Lucina:
810 2409 904 2444 tuus
928 2403 1011 2444 iam
1032 2407 1176 2458 regnat
1197 2400 1360 2456 Apollo.

355 2473 475 2519 teque
499 2465 601 2506 adeo
626 2465 750 2506 decus
774 2464 852 2506 hoc
875 2464 984 2513 aevi,
1009 2469 1048 2504 te
1073 2462 1256 2511 consule,
1279 2461 1396 2502 inibit

354 2526 490 2576 Polio,
516 2532 557 2567 et
578 2526 772 2581 incipient
795 2525 934 2580 magni
955 2524 1173 2579 procedere
1196 2536 1377 2571 menses3

355 2594 394 2628 te
418 2587 538 2636 duce,
565 2587 600 2628 si
624 2601 706 2640 qua
728 2592 894 2629 manent
917 2585 1080 2627 sceleris
1104 2583 1277 2638 vestigia
1298 2582 1436 2631 nostri,

354 2647 474 2688 inrita
495 2653 691 2702 perpetua
715 2647 873 2689 solvent
894 2646 1110 2688 formidine
1133 2651 1271 2686 terras.

355 2707 422 2748 ille
446 2707 569 2748 deum
591 2708 717 2749 vitam
741 2708 911 2761 accipiet
934 2707 1120 2760 divisque
1143 2704 1295 2746 videbit
