1800 3106
582 258 842 296 AENEmOS
860 258 959 294 LIB.
978 258 1027 294 X.

121 365 272 408 hortati
297 379 440 408 sumus
466 370 538 406 aut
560 363 690 406 vitam
715 363 971 406 committere
994 362 1155 405 ventis?

120 443 222 470 num
244 442 374 484 puero
400 442 607 469 summam
630 425 747 478 belli,
771 441 874 468 num
898 425 1064 467 credere
1089 424 1257 467 muros?

121 489 464 545 Tyrrhenamque
488 489 614 531 fidem
638 494 709 531 aut
732 489 869 546 gentis
894 488 1052 544 agitare
1076 487 1263 542 quietas?

120 552 214 607 quis
238 553 342 594 deus
367 552 410 593 in
433 552 642 603 fraudem,
667 566 774 606 quae
798 552 903 593 dura
924 551 1109 607 potentia
1132 551 1263 593 nostri

120 614 231 671 egit?
253 614 327 657 ubi
349 614 418 656 hic
441 614 568 665 Iuno,
594 614 829 656 demissave
853 612 1036 656 nubibus
1060 612 1167 655 Iris?

119 676 336 733 indignum
362 682 426 719 est
448 676 577 719 Italos
602 676 774 719 Troiam
798 675 1053 718 circumdare
1076 675 1256 717 flammis

119 745 360 781 nascentem
384 745 426 781 et
447 739 581 795 patria
605 740 796 782 Turnum
819 739 1046 782 consistere
1071 745 1192 790 terra,

120 800 188 842 cui
199 798 418 843 Pilumnus
443 815 560 851 avus,
577 801 644 843 cui
668 802 766 844 diva
789 801 956 844 Venilia
979 807 1130 846 mater:

120 862 239 917 quid,
265 862 357 904 face
383 862 587 905 Troianos
612 869 702 906 atra
724 863 811 906 vim
834 863 943 906 ferre
966 863 1147 914 Latinis,

120 940 219 966 arva
243 924 378 967 aliena
400 925 500 981 iugo
522 939 710 981 premere
734 932 858 980 atque
883 931 1069 968 avertere
1092 924 1297 981 praedas?

118 986 238 1040 quid,
265 1002 429 1030 soceros
453 987 593 1044 legere
617 994 658 1029 et
681 988 852 1044 gremiis
877 987 1084 1030 abducere
1107 994 1266 1043 pactas,

118 1063 264 1103 pacem
289 1063 405 1091 orare
429 1064 574 1100 manu,
598 1050 827 1107 praefigere
850 1049 1062 1105 puppibus
1088 1049 1229 1091 arma?

119 1118 162 1151 tu
186 1116 306 1166 potes
330 1109 508 1153 Aenean
530 1111 723 1154 manibus
750 1111 982 1154 subducere
1010 1109 1199 1162 Graium,

118 1187 276 1228 proque
299 1173 388 1215 viro
411 1173 607 1216 nebulam
632 1180 674 1216 et
697 1180 844 1217 ventos
869 1174 1094 1217 obtendere
1117 1173 1267 1224 inanis,

123 1241 164 1276 et
185 1240 305 1290 potes
329 1235 372 1276 in
397 1236 568 1278 totidem
592 1236 748 1279 classes
773 1242 1012 1279 convertere
1035 1235 1275 1292 Nymphas:

121 1311 198 1339 nos
223 1296 380 1351 aliquid
403 1297 583 1340 Rutulos
608 1304 750 1341 contra
772 1298 928 1341 iuvisse
951 1298 1181 1340 nefandum
1205 1298 1294 1340 est?

121 1357 291 1400 Aeneas
315 1359 485 1415 ignarus
510 1359 646 1411 abest,
669 1360 842 1416 ignarus
868 1366 909 1402 et
932 1360 1053 1402 absit.

123 1426 187 1463 est
209 1419 383 1476 Paphus
408 1420 670 1476 Idaliumque
694 1421 787 1472 tibi,
814 1430 911 1464 sunt
935 1422 1019 1464 alta
1043 1421 1247 1477 Cythera:

123 1485 224 1540 quid
246 1485 464 1542 gravidam
488 1484 607 1528 bellis
631 1485 779 1528 urbem
803 1491 844 1527 et
867 1485 994 1527 corda
1017 1500 1166 1540 aspera
1188 1484 1393 1540 temptas?

117 1562 254 1606 nosne
278 1547 354 1589 tibi
376 1547 511 1590 fluxas
534 1547 747 1604 Phrygiae
770 1562 837 1590 res
862 1553 1023 1589 vertere
1047 1547 1181 1589 fundo

124 1609 346 1651 conamur?
369 1610 472 1652 nos?
497 1625 551 1652 an
575 1610 748 1652 miseros
774 1610 847 1665 qui
870 1609 1005 1652 Troas
1029 1607 1207 1651 Achivis

124 1671 299 1714 obiecit?
323 1686 430 1726 quae
454 1686 604 1714 caussa
627 1671 725 1723 fuit,
751 1686 1003 1728 consurgere
1026 1671 1071 1713 in
1095 1687 1211 1713 arma

123 1733 421 1789 Europamque
443 1732 677 1789 Asiamque
701 1740 743 1777 et
764 1734 935 1777 foedera
959 1733 1120 1777 solvere
1143 1733 1281 1776 furto?

124 1810 192 1837 me
216 1796 321 1837 duce
345 1795 586 1838 Dardanius
614 1794 809 1852 Spartam
834 1796 1090 1853 expugnavit
1114 1795 1288 1846 adulter,

125 1863 197 1899 aut
221 1872 300 1914 ego
325 1857 408 1900 tela
431 1858 545 1909 dedi,
571 1857 711 1901 fovive
737 1858 945 1914 Cupidine
969 1858 1104 1901 bella?

126 1926 216 1962 tum
240 1920 379 1962 decuit
401 1921 602 1963 metuisse
625 1921 707 1963 tuis
715 1937 727 1972 ;
751 1936 863 1963 nunc
887 1936 980 1964 sera
1003 1920 1198 1976 querellis

125 1982 239 2024 haud
261 1982 381 2025 iustis
406 1983 598 2040 adsurgis
624 1989 665 2025 et
687 1984 811 2026 inrita
833 1979 969 2041 iurgia
991 1982 1163 2026 iactas.“

184 2044 359 2087 Talibus
384 2044 529 2088 orabat
551 2045 677 2097 Iuno,
703 2047 923 2101 cunctique
947 2045 1182 2088 fremebant

128 2106 349 2149 caelicolae
373 2108 557 2150 adsensu
579 2108 714 2160 vario,
740 2124 818 2151 ceu
840 2109 1009 2151 flamina
1031 2108 1167 2164 prima

128 2184 224 2211 cum
247 2169 452 2225 deprensa
474 2170 658 2212 fremunt
682 2171 797 2213 silvis
824 2178 865 2213 et
888 2186 1013 2213 caeca
1036 2170 1224 2212 volutant

128 2246 359 2282 murmura,
383 2237 579 2274 venturos
603 2233 740 2274 nautis
764 2234 983 2288 prodentia
1006 2238 1166 2274 ventos.

131 2300 220 2334 tum
241 2298 361 2348 pater
383 2293 664 2348 omnipotens,
688 2309 826 2335 rerum
851 2295 918 2336 cui
940 2295 1075 2350 prima
1097 2299 1297 2348 potestas,

130 2354 241 2404 infit3
266 2369 316 2396 eo
341 2354 503 2396 dicente
527 2355 653 2396 deum
676 2355 824 2397 domus
851 2357 934 2398 alta
959 2355 1115 2398 silescit

134 2422 175 2458 et
197 2415 440 2458 tremefacta
464 2416 552 2458 solo
576 2416 718 2467 tellus,
745 2417 838 2459 silet
861 2418 1015 2458 arduus
1041 2417 1201 2466 aether3

133 2487 222 2520 tum
245 2478 418 2534 zephyri
439 2492 636 2534 posuere,
660 2479 810 2534 premit
833 2478 996 2534 placida
1020 2492 1200 2532 aequora
1223 2482 1389 2533 pontus.

136 2540 336 2596 „accipite
361 2555 460 2596 ergo
485 2539 632 2581 animis
657 2546 780 2594 atque
804 2540 908 2582 haec
932 2555 1026 2581 mea
1048 2539 1162 2595 figite
1187 2540 1309 2581 dicta.

135 2602 471 2657 quandoquidem
493 2600 706 2643 Ausonios
732 2602 927 2657 coniungi
952 2602 1118 2643 foedere
1143 2602 1317 2644 Teucris

134 2665 248 2707 haud
271 2665 446 2715 licitum,
472 2679 550 2706 nec
573 2670 712 2706 vestra
736 2665 847 2719 capit
871 2664 1077 2706 discordia
1100 2664 1244 2706 finem:

1405 249 1488 292 277

1516 439 1559 470 70

1518 753 1560 784 75

1517 1062 1562 1094 80

1519 1373 1562 1405 85

1521 1685 1565 1716 90

1523 1980 1566 2027 95

1527 2305 1590 2335 100

1526 2615 1589 2645 105

136 2741 243 2782 quae
267 2727 415 2782 cuique
439 2732 502 2769 est
525 2726 692 2768 fortuna
715 2726 855 2777 hodic,
881 2741 1006 2781 quam
1030 2727 1205 2781 quisquc
1231 2732 1343 2768 secat
1368 2741 1497 2782 spem,
