1820 3080
356 300 439 342 254
753 306 795 340 P.
815 304 915 341 VER
920 303 1044 339 GILII
1062 302 1287 339 MARONIS

354 410 456 451 dixit
479 415 518 456 et
541 409 582 448 in
606 406 763 448 caelum
785 404 952 459 paribus
977 418 1021 446 se
1047 404 1210 445 sustulit
1233 403 1321 453 alis,

289 484 329 514 15
352 471 639 525 ingentemque
663 466 764 521 fuga
788 465 917 506 secuit
941 464 1018 506 sub
1041 464 1218 506 nubibus
1243 479 1394 506 arcum.

351 530 546 585 adgnovit
568 526 745 576 iuvenis,
771 525 1026 580 duplicisque
1050 526 1103 566 ad
1127 526 1260 567 sidera
1282 526 1440 580 palmas

352 590 513 632 sustulit
535 595 576 630 et
599 588 668 629 tali
690 587 916 642 fugientem
940 592 1001 628 est
1025 601 1125 628 voce
1150 592 1333 628 secutus:

354 651 454 701 „Iri,
481 650 604 691 decus
630 648 749 697 caeli,
775 648 866 701 quis
892 653 931 689 te
954 647 1054 688 mihi
1078 647 1255 689 nubibus
1279 653 1412 689 actam

351 711 494 751 detulit
517 711 559 751 in
583 709 734 751 terras?
757 709 865 750 unde
889 708 990 750 haec
1014 716 1096 750 tam
1121 708 1230 750 clara
1252 715 1417 764 repente

285 785 328 815 20
351 771 597 826 tempestas?
619 770 800 811 medium
823 769 942 811 video
965 769 1174 811 discedere
1198 769 1368 819 caelum,

350 832 607 888 palantisque
631 831 726 886 polo
751 830 902 872 stellas.
928 845 1076 884 sequar
1098 830 1236 872 omina
1258 837 1383 880 tanta,

352 893 537 947 quisquis
561 893 604 934 in
628 908 740 933 arma
762 894 925 934 vocas.“
951 897 991 932 et
1015 892 1074 934 sic
1097 892 1244 933 effatus
1269 892 1322 933 ad
1345 891 1498 933 undam

349 955 566 1010 processit,
594 969 834 1007 summoque
857 954 994 995 hausit
1017 954 1068 995 de
1094 954 1255 1010 gurgite
1278 954 1479 1009 lymphas,

350 1016 479 1058 multa
501 1016 600 1058 deos
625 1031 763 1066 orans,
789 1016 1051 1069 oneravitque
1075 1016 1239 1057 aethera
1261 1016 1380 1057 votis.

285 1090 327 1120 25
406 1077 577 1131 Iamque
601 1077 732 1119 omnis
758 1077 913 1131 campis
938 1077 1139 1118 exercitus
1163 1076 1248 1118 ibat
1272 1076 1420 1131 apertis

351 1138 466 1180 dives
492 1153 660 1192 equum,
686 1139 800 1179 dives
823 1138 947 1193 pictai
969 1138 1095 1179 vestis
1120 1144 1161 1179 et
1184 1138 1270 1187 auri
1278 1154 1289 1188 ;

350 1199 572 1254 Messapus
596 1199 748 1254 primas
772 1200 898 1249 acies,
923 1205 1130 1254 postrema
1154 1205 1340 1240 coercent

353 1260 579 1315 Tyrrhidae
602 1261 789 1310 iuvenes,
813 1261 948 1302 medio
972 1260 1056 1301 dux
1080 1260 1242 1315 agmine
1267 1260 1446 1308 Turnus,

352 1335 428 1362 ceu
452 1328 608 1375 septem
633 1336 805 1376 surgens
831 1321 982 1363 sedatis
1007 1321 1195 1362 amnibus
1221 1321 1326 1361 altus

287 1394 329 1424 30
351 1397 425 1437 per
448 1383 616 1423 tacitum
640 1381 809 1437 Ganges
834 1388 906 1423 aut
927 1382 1071 1437 pingui
1093 1382 1259 1422 flumine
1283 1381 1402 1423 Nilus

353 1458 447 1484 cum
469 1443 602 1484 refluit
625 1444 779 1498 campis
804 1449 845 1484 et
866 1443 950 1484 iam
973 1457 1017 1484 se
1041 1443 1222 1484 condidit
1245 1443 1374 1484 alveo.

351 1504 419 1545 hic
443 1503 619 1546 subitam
643 1504 760 1559 nigro
784 1503 1002 1559 glomerari
1024 1503 1193 1558 pulvere
1217 1503 1370 1545 nubem

351 1565 603 1619 prospiciunt
627 1564 775 1606 Teucri
799 1579 847 1606 ac
870 1565 1057 1606 tenebras
1081 1564 1293 1619 insurgere
1317 1564 1484 1618 campis.

351 1626 505 1680 primus
530 1625 582 1667 ab
607 1626 781 1667 adversa
804 1626 1031 1667 conclamat
1054 1625 1160 1666 mole
1187 1625 1358 1667 Caicus.

286 1700 326 1730 35
354 1687 471 1741 „quis
495 1686 662 1742 globus,
688 1701 713 1728 ο
739 1687 867 1737 cives,
894 1687 1067 1743 caligine
1090 1686 1267 1727 volvitur
1290 1685 1395 1727 atra!

352 1747 454 1789 ferte
478 1747 547 1788 citi
571 1747 740 1796 sermm,
766 1748 860 1789 date
883 1747 981 1797 tela,
1008 1747 1215 1789 ascendite
1238 1761 1390 1796 muros,

351 1808 481 1850 hostis
506 1808 640 1858 adest,
665 1808 808 1850 heia!“
833 1809 990 1863 ingenti
1013 1809 1190 1850 clamore
1214 1823 1288 1863 per
1311 1807 1442 1849 omnis

353 1868 534 1909 condunt
557 1883 602 1909 se
627 1869 775 1910 Teucri
799 1874 938 1923 portas
963 1875 1004 1910 et
1027 1869 1189 1910 moenia
1212 1868 1413 1922 conplent.

351 1943 529 1983 namque
553 1929 610 1970 ita
634 1929 847 1970 discedens
871 1934 1135 1984 praeceperat
1157 1928 1334 1982 optimus
1359 1927 1483 1968 armis

284 2003 328 2033 40
351 1989 538 2032 Aeneas:
564 1991 599 2032 si
622 2005 704 2044 qua
727 1990 882 2031 interea
904 1990 1069 2031 fortuna
1092 1989 1251 2037 fuisset,

350 2066 432 2092 neu
456 2057 610 2093 struere
634 2051 832 2092 auderent
855 2050 1002 2100 aciem,
1027 2064 1109 2091 neu
1132 2050 1295 2091 credere
1319 2062 1482 2102 campo;

352 2118 486 2154 castra
508 2112 631 2153 modo
655 2117 696 2153 et
718 2117 827 2153 tutos
853 2116 1061 2153 servarent
1084 2124 1235 2168 aggere
1257 2124 1408 2150 muros.

352 2187 468 2228 crgo,
495 2173 571 2214 etsi
595 2172 779 2214 conferre
802 2187 971 2214 manum
993 2172 1127 2227 pudor
1148 2171 1289 2224 iraque
1313 2175 1523 2218 monstrat,

352 2233 534 2275 obiciunt
555 2240 695 2289 portas
720 2240 859 2275 tamen
882 2239 923 2274 et
943 2238 1164 2288 praecepta
1186 2231 1408 2280 facessunt,

285 2308 328 2338 45
352 2295 577 2348 armatique
602 2295 714 2336 cavis
739 2299 980 2350 exspectant
1003 2293 1181 2335 turribus
1205 2293 1377 2334 hostem.

351 2355 537 2406 Turnus,
561 2362 608 2397 ut
630 2362 724 2398 ante
747 2356 891 2398 volans
915 2355 1077 2396 tardum
1100 2358 1379 2410 praecesserat
1402 2366 1563 2407 agmen,

350 2417 496 2472 viginti
518 2417 634 2459 lectis
659 2417 842 2471 equitum
865 2416 1082 2458 comitatus
1107 2421 1148 2457 et
1169 2414 1262 2457 urbi

350 2478 582 2533 inprovisus
607 2480 741 2529 adest,
766 2478 937 2520 maculis
961 2492 1084 2532 quem
1108 2477 1309 2518 Thracius
1334 2475 1437 2517 albis

350 2547 485 2595 portat
507 2556 656 2596 equus,
682 2542 886 2595 cristaque
909 2541 1011 2596 tegit
1033 2540 1153 2596 galea
1177 2553 1300 2580 aurea
1322 2537 1457 2579 rubra.

286 2614 328 2643 50
354 2602 519 2656 „ecquis
544 2603 637 2653 erit,
662 2617 843 2652 mecum,
867 2603 1056 2651 iuvenes,
1082 2601 1154 2655 qui
1176 2600 1331 2655 primus
1355 2600 1399 2640 in
1421 2596 1670 2638 hostem—1³

352 2665 428 2704 en“
453 2663 510 2704 ait
532 2670 573 2705 et
594 2657 773 2705 iaculum
796 2670 1031 2717 attorquens
1056 2663 1202 2704 emittit
1224 2662 1267 2703 in
1290 2675 1422 2709 auras,

351 2724 593 2779 principium
618 2739 798 2780 pugnae,
823 2731 864 2766 ct
886 2739 1031 2779 campo
1055 2738 1147 2766 sese
1170 2723 1321 2764 arduus
1345 2720 1477 2762 infert.
