1820 3080
296 463 360 492 520

294 762 357 792 525

296 1063 360 1094 530

297 1365 359 1396 535

297 1667 360 1696 540

297 1969 359 1997 545

298 2269 361 2299 550

298 2573 360 2602 555

386 281 468 322 248
783 287 824 320 P.
843 285 1073 320 VERGILH
1090 283 1312 320 MARONIS

381 390 503 438 lecta,
529 387 653 436 dabo,
679 386 924 438 totidemque
950 400 1023 425 suo
1048 384 1120 425 tibi
1143 385 1304 425 nomine
1327 384 1505 426 Pallas.“

437 449 521 490 Vix
544 463 593 488 ea
615 447 723 487 fatus
748 452 851 494 erat,
877 445 1079 498 defixique
1102 460 1173 486 ora
1196 443 1388 486 tenebant

381 508 546 550 Aeneas
570 506 843 547 Anchisiades
867 510 907 545 et
929 505 1035 546 fidus
1059 503 1254 555 Achates,

380 568 586 621 multaque
611 567 712 607 dura
735 580 809 607 suo
834 565 937 607 tristi
961 580 1054 606 cum
1078 566 1198 607 corde
1221 565 1430 620 putabant,

380 629 423 668 ni
448 628 609 682 signum
634 626 745 667 caelo
771 625 976 680 Cytherea
1001 626 1180 667 dedisset
1203 632 1354 680 aperto.

380 702 555 741 namque
578 687 784 742 inproviso
807 686 989 727 vibratus
1014 686 1065 728 ab
1090 686 1252 728 aethere
1276 687 1412 742 fulgor

382 763 475 789 eum
499 748 634 789 sonitu
657 747 766 788 venit
790 753 829 787 et
851 761 967 787 ruere
992 748 1127 788 omnia
1149 747 1238 789 visa
1260 754 1437 802 repente,

382 808 699 863 Tyrrhenusque
722 807 844 849 tubae
868 808 1026 862 mugire
1049 823 1123 862 per
1145 809 1309 850 aethera
1333 809 1510 864 clangor.

382 869 625 924 suspiciunt3
649 869 794 909 iterum
819 874 940 922 atque
963 869 1108 910 iterum
1132 869 1271 924 fragor
1293 870 1473 924 increpat
1495 870 1652 925 ingens.

382 944 495 971 arma
517 929 622 969 inter
644 928 794 970 nubem
819 929 921 969 caeli
943 929 986 969 in
1008 930 1173 984 regione
1199 944 1342 971 serena

382 1004 457 1045 per
481 989 627 1030 sudum
651 989 814 1030 rutilare
837 989 977 1030 vident
1000 995 1040 1030 et
1062 990 1182 1044 pulsa
1205 995 1355 1031 tonare.

383 1049 629 1104 obstupuere
653 1049 798 1090 animis
824 1049 910 1099 alii3
936 1050 1008 1091 sed
1033 1050 1180 1091 Troius
1204 1050 1323 1092 heros

384 1111 580 1166 adgnovit
604 1110 780 1151 sonitum
804 1116 844 1151 et
867 1110 985 1151 divae
1007 1111 1210 1165 promissa
1232 1112 1422 1166 parentis.

383 1178 470 1213 tum
492 1178 706 1212 memorat:
734 1185 809 1222 „ne
832 1185 946 1221 vero,
971 1172 1139 1226 hospes,
1165 1187 1215 1214 ne
1240 1187 1386 1226 quaere
1410 1174 1605 1227 profecto,

383 1247 505 1286 quem
529 1246 668 1273 casum
691 1237 877 1286 portenta
900 1232 1048 1273 ferant:
1073 1247 1150 1287 ego
1172 1247 1320 1287 poscor
1345 1232 1539 1288 Olympo.
1570 1246 1580 1255 ·

383 1292 461 1333 hoc
485 1292 647 1347 signum
671 1291 815 1332 cecinit
837 1292 1053 1333 missuram
1077 1293 1172 1333 diva
1195 1293 1380 1342 creatrix,

385 1353 420 1394 si
442 1352 593 1393 bellum
616 1352 840 1406 ingrueret,
865 1351 1144 1405 Volcaniaque
1169 1368 1281 1393 arma
1302 1367 1375 1407 per
1399 1368 1517 1395 auras

383 1412 557 1453 laturam
581 1412 743 1452 auxilio.
1562 1409 1568 1418 '

384 1472 465 1513 heu
487 1477 661 1525 quantae
685 1472 843 1513 miseris
869 1473 1015 1514 caedes
1039 1473 1318 1516 Laurentibus
1342 1474 1512 1516 instant!

384 1547 484 1585 quas
508 1547 661 1586 poenas
685 1532 800 1582 mihi,
829 1533 983 1583 Turne,
1009 1533 1143 1575 dabis!
1168 1549 1291 1588 quam
1313 1535 1441 1576 multa
1465 1534 1541 1577 sub
1564 1536 1695 1577 undas

385 1599 500 1633 scuta
522 1593 653 1633 virum
677 1593 897 1647 galeasque
922 1600 962 1635 et
984 1593 1105 1636 fortia
1129 1609 1298 1650 corpora
1319 1596 1473 1645 volves,

385 1653 540 1708 Thybri
563 1654 694 1708 pater!
718 1660 890 1708 poscant
912 1655 1020 1696 acies
1045 1661 1085 1696 et
1107 1655 1271 1697 foedera
1293 1659 1523 1711 rumpant.“

439 1714 558 1754 Haec
581 1714 653 1755 ubi
677 1714 785 1755 dicta
808 1715 936 1765 dedit,
964 1716 1065 1757 solio
1090 1731 1134 1758 se
1158 1717 1260 1758 tollit
1283 1716 1334 1758 ab
1359 1717 1456 1764 alt03

385 1780 424 1814 et
446 1775 623 1828 primum
646 1774 862 1816 Herculeis
887 1776 1041 1830 sopitas
1064 1776 1228 1832 ignibus
1253 1792 1342 1818 aras

385 1835 551 1884 excitat,
576 1835 891 1889 hesternumque
914 1836 1039 1877 larem
1063 1851 1291 1890 parvosque
1314 1843 1482 1891 penates

384 1894 514 1936 laetus
538 1895 639 1945 adit3
663 1901 842 1936 mactant
863 1895 989 1937 lectas
1014 1897 1064 1936 de
1088 1911 1199 1938 more
1223 1897 1397 1938 bidentis

384 1955 603 1997 Euandrus
625 1956 793 2010 pariter,
817 1957 967 2010 pariter
990 1956 1167 1998 Troiana
1190 1957 1392 1998 iuventus.

384 2021 477 2069 post
499 2015 594 2056 hinc
617 2016 670 2057 ad
693 2016 808 2057 navis
831 2016 1031 2071 graditur,
1058 2017 1270 2070 sociosque
1294 2018 1451 2067 revisit3

384 2090 557 2129 quorum
580 2076 631 2116 de
654 2091 840 2126 numero,
866 2077 936 2130 qui
960 2091 1050 2119 sese
1073 2077 1115 2118 in
1138 2076 1246 2118 bella
1270 2084 1501 2131 sequantur,

384 2142 638 2190 praestantes
662 2137 809 2178 virtute
833 2137 950 2192 legit3
973 2152 1068 2192 pars
1093 2144 1226 2179 cetera
1247 2152 1376 2192 prona

383 2195 512 2237 fertur
534 2210 658 2250 aqua,
685 2197 903 2252 segnisque
929 2198 1106 2239 secundo
1130 2198 1269 2238 defluit
1293 2198 1412 2246 amni,

383 2257 525 2298 nuntia
547 2263 716 2299 ventura
739 2258 920 2299 Ascanio
943 2273 1158 2312 rerumque
1180 2259 1398 2313 patrisque.

383 2317 531 2358 dantur
553 2319 647 2372 equi
671 2319 840 2360 Teucris
866 2319 1078 2374 Tyrrhena
1099 2319 1330 2374 petentibus
1355 2335 1469 2361 arva·

384 2379 538 2420 ducunt
561 2385 764 2421 exsortem
788 2379 956 2421 Aeneae
963 2411 974 2430 ,
1000 2395 1122 2433 quem
1146 2380 1260 2422 fulva
1281 2380 1410 2422 leonis

384 2440 501 2494 pellis
526 2439 611 2481 obit
635 2446 764 2481 totum
787 2441 1048 2496 praefulgens
1072 2441 1278 2497 unguibus
1303 2442 1447 2483 aureis.

439 2500 570 2542 Fama
593 2501 702 2542 volat
723 2516 893 2556 parvam
918 2502 1052 2543 subito
1075 2502 1240 2558 volgata
1262 2517 1336 2557 per
1356 2501 1511 2550 urbem,

385 2560 497 2601 ocius
521 2561 579 2601 ire
604 2561 759 2614 equites
785 2562 987 2616 Tyrrheni
1010 2562 1063 2603 ad
1085 2562 1203 2603 litora
1224 2562 1346 2617 regis.

384 2626 479 2661 vota
502 2627 614 2662 metu
637 2623 846 2676 duplicant
868 2629 1038 2673 matres,
1062 2623 1310 2678 propiusque
1332 2622 1483 2676 periclo

384 2681 414 2721 it
439 2681 557 2722 timor
580 2688 619 2722 et
643 2683 770 2725 maior
792 2682 939 2725 Martis
963 2684 1044 2725 iam
1068 2684 1235 2738 adparet
1257 2683 1404 2737 imago.
