1734 3074
648 289 861 315 PRAEFATIO
1338 281 1391 310 XI
1397 282 1413 311 1
1419 282 1435 310 1

77 389 214 426 sendus
231 390 292 424 est
310 385 511 432 Vergilius.
559 384 707 419 Etenim
727 384 901 418 Donatus
919 383 950 427 §-
966 380 1023 416 44.
1047 383 1181 417 Seneca
1205 381 1359 423 tradidit,
1384 379 1438 414 in·

77 439 168 486 quit,
180 439 310 473 Iulium
323 437 529 471 Montanum
541 441 679 481 poetam
692 435 830 469 solitum
842 434 963 476 dicere,
974 433 1210 468 inuolaturum
1221 443 1258 466 se
1269 431 1439 477 quaedam

81 490 246 536 Veryilio,
260 490 292 524 si
301 499 418 525 vocem
423 493 541 533 posset
555 493 586 522 et
599 498 638 521 os
649 492 679 521 et
692 486 916 531 hypocr-tkim
926 486 1060 520 eosdem
1072 485 1161 519 enim
1174 479 1292 518 versus
1305 495 1344 518 eo
1354 494 1439 528 pro-

75 542 250 577 nuntiante
268 540 349 574 bene
365 550 508 580 sonare,
533 538 680 572 similla
699 538 892 572 inarescere
909 537 1011 583 quasi
1026 541 1148 570 mutos.
1196 534 1302 577 Quae
1321 533 1440 569 verba

74 590 262 638 pertinere
275 590 450 625 videntur

143 642 180 685 1)
208 641 256 676 ad
268 638 537 686 productiones
561 638 729 674 brevium
749 638 997 683 syllabarum,
1024 647 1152 673 arseos
1170 636 1208 671 vi
1225 635 1383 671 maxime
1402 634 1441 669 in

76 689 359 736 penthemimeri
388 692 427 725 et
455 687 765 734 hephthemimeri
792 687 924 723 factas.
978 687 1112 733 Itaque
1136 685 1313 722 revocavi
1338 686 1441 732 quod

76 741 254 777 Heinsius
273 751 294 776 e
306 741 476 775 Romano
498 738 628 774 codice
642 737 760 773 edidit
770 738 814 772 B.
828 738 874 782 V,
889 738 934 773 68
952 744 1174 784 craterasque
1193 739 1260 772 duo
1280 743 1440 771 statuam.

74 791 258 838 Pinguius
271 800 407 825 sonare
414 789 665 824 videturdaos.
690 788 771 824 Nec
782 787 897 823 reieci
905 788 1078 824 codicum
1091 785 1441 833 scripturamA.VI,

76 842 144 877 254
168 843 297 887 pinque
325 851 495 886 superque
526 841 640 874 oleum
668 839 863 883 infundens.
922 838 1020 873 Nam
1050 837 1197 881 etiamsi
1226 837 1442 883 Wagnerus

75 896 178 928 recte
201 902 342 937 negare
366 890 531 934 videtur,
556 901 621 935 que
644 889 755 925 alteri
773 888 960 924 vocabulo
989 888 1091 934 apud
1107 887 1315 934 Vergilium
1339 886 1440 931 addi,

77 948 200 978 tamen
225 940 474 976 dubitandum
498 944 557 975 est
579 943 704 974 utrum
729 951 793 986 que
813 939 941 975 deleas
961 950 1008 974 an
1030 950 1115 974 cum
1139 938 1273 974 eodem
1295 949 1442 983 superne

77 992 231 1028 scribas.
258 991 497 1027 Geminatum
504 994 631 1026 autem
649 1002 728 1036 que,
748 990 787 1025 in
795 1001 870 1036 quo
878 989 1004 1025 Attius
1017 988 1316 1035 nostropraeivit
1326 999 1360 1022 v.
1376 988 1442 1022 612

77 1044 134 1079 cd.
148 1042 328 1087 Ribbek.,
342 1042 381 1077 in
396 1043 561 1078 secundo
576 1045 787 1088 quartoque
799 1041 897 1087 pede
910 1040 1072 1086 produci
1086 1040 1196 1076 solet.

144 1095 180 1140 2)
205 1093 358 1129 Hiatum
372 1093 504 1129 crebro
518 1092 693 1137 admittit,
714 1096 752 1128 et
762 1092 984 1138 plerumque
999 1091 1150 1138 quidem
1161 1090 1295 1126 ultima
1306 1089 1442 1136 prioris

78 1144 255 1180 vocabuli
279 1144 429 1190 syllaba
450 1144 490 1179 in
508 1144 661 1190 longam
685 1143 873 1188 vocalem,
898 1142 1078 1189 imprimis
1096 1144 1111 1178 i
1127 1142 1188 1178 vel
1210 1154 1244 1185 o,
1270 1144 1442 1185 exeunte,

79 1196 285 1242 eademque
299 1196 479 1231 subictum
486 1195 657 1240 cadente,
670 1197 735 1229 aut
746 1194 786 1229 in
799 1193 914 1239 thesi,
934 1193 1001 1229 ubi
1013 1193 1157 1229 vocalis
1170 1196 1260 1228 ante
1273 1192 1444 1227 vocalem

77 1245 295 1291 corripitur,
319 1248 386 1280 aut
407 1244 473 1280 ubi
497 1243 752 1290 interpunctio
777 1244 901 1279 mollit
920 1243 1094 1279 duritiem
1118 1243 1256 1279 hiatus.
1302 1242 1445 1278 Verum

75 1307 160 1332 raro
173 1296 253 1331 hiat
264 1300 353 1341 post
369 1295 524 1341 primum
546 1295 699 1341 pedem,
723 1298 767 1329 ut
780 1294 826 1330 G.
838 1295 869 1340 I,
882 1294 950 1330 437
966 1295 1106 1330 Glauco
1119 1301 1169 1330 et.-
1190 1304 1263 1330 nec
1275 1291 1445 1328 dubitavi

77 1347 236 1382 eundem
257 1346 400 1383 hiatum
417 1346 587 1392 proximo
612 1357 724 1381 versu
747 1345 944 1382 restituere
970 1345 1100 1381 addita
1123 1344 1444 1391 interpunctione:

76 1399 131 1432 sol
147 1409 296 1444 quoque,
319 1398 476 1432 exoriens
493 1403 525 1432 et
544 1408 648 1443 quum
659 1409 696 1432 se
708 1398 827 1432 condet
839 1398 876 1432 in
892 1397 1049 1440 umbras,
1073 1396 1129 1432 ita
1145 1400 1189 1431 ut
1205 1394 1444 1442 participium

75 1459 145 1494 per
169 1459 210 1483 se
235 1447 371 1483 efficiat
395 1447 644 1492 enuntiatum,
670 1448 774 1493 quod
790 1447 961 1495 Vergilio
985 1447 1176 1483 usitatum.
1225 1446 1368 1482 Contra
1389 1446 1444 1480 in-

76 1501 219 1534 tactum
240 1498 378 1544 reliqui
397 1498 442 1532 A.
462 1498 552 1543 XII,
572 1498 639 1533 648
662 1505 784 1533 sancta
801 1500 850 1534 ad
871 1511 933 1534 vos
949 1500 1067 1534 anima
1091 1505 1194 1545 atque
1211 1499 1309 1533 istius
1330 1497 1442 1532 inscia

77 1550 216 1594 culpae,
240 1548 306 1584 ubi
325 1549 575 1595 Peerlkampo
600 1549 718 1584 multo
745 1549 921 1585 subtilius
938 1549 1206 1585 Lachmannus
1230 1552 1319 1594 post
1342 1553 1444 1593 atque

78 1598 241 1634 coniecit
263 1601 382 1634 anima
401 1599 596 1636 excidisse.
646 1598 820 1636 Ceterum
837 1600 1021 1646 Wagneri
1041 1599 1248 1645 disputatio
1268 1599 1309 1633 in
1322 1599 1443 1640 Quae-

77 1649 198 1685 stione
211 1649 279 1684 XI.
293 1650 505 1696 supplenda
521 1654 560 1686 et
573 1650 797 1696 corrigenda
809 1654 869 1686 est
881 1662 926 1686 ex
939 1651 986 1685 iis
1006 1662 1103 1696 quae
1115 1650 1382 1685 Lachmannus
1396 1647 1446 1682 ad

75 1699 294 1735 Lucretium
312 1712 348 1745 p.
362 1700 440 1735 159.
453 1704 493 1735 et
508 1712 546 1746 p.
560 1700 627 1735 195
641 1712 697 1746 sq.
718 1701 912 1746 disseruit,
937 1701 1038 1736 unde
1062 1701 1159 1736 haec
1182 1700 1301 1735 addo:
1325 1710 1447 1733 versus

76 1751 217 1796 ecloqae
234 1750 264 1792 1,
280 1751 332 1785 13.
346 1763 416 1785 non
427 1757 517 1785 recte
528 1752 709 1796 procedet,
733 1752 802 1786 nisi
811 1753 928 1786 vocali
945 1758 1107 1797 correpta
1129 1750 1327 1797 efferemus,
1345 1761 1447 1795 pro-

79 1801 191 1835 tinus
209 1812 335 1846 aeyer
353 1813 450 1846 ayo:
473 1803 578 1835 hanc
595 1803 720 1836 etiam
737 1803 820 1844 viat,
847 1803 1005 1847 Tityre,
1030 1803 1158 1843 duco‚·
1180 1800 1446 1846 nisifortescri-

78 1851 221 1886 bendum
232 1857 281 1886 est
299 1863 393 1897 ayo,
412 1853 550 1886 etiam
566 1853 670 1886 hanc
689 1853 768 1886 vix.

144 1900 184 1944 3)
208 1901 372 1936 Indulsit
389 1905 515 1937 autem
528 1901 600 1936 sibi
616 1906 815 1947 praeterea
831 1906 875 1937 ut
893 1902 1079 1938 scriberet
1095 1905 1249 1948 praeter
1261 1907 1314 1936 ast
1334 1901 1446 1936 etiam

78 1951 143 1985 olli
153 1954 191 1986 et
203 1952 293 1994 ollae,
312 1951 366 1987 ita
378 1955 503 1987 tamen
515 1955 557 1987 ut
569 1952 755 1988 vocalium
767 1952 1071 1988 antecedentium
1083 1956 1122 1988 et
1134 1951 1445 1998 subsequentium

76 2000 172 2035 ratio
185 2000 362 2037 habenda
379 2001 560 2038 videatur.
607 2002 735 2039 Veluti
753 2002 798 2038 A.
810 2003 895 2049 VH,
908 2003 964 2039 58.
983 2007 1050 2038 aut
1069 2015 1153 2038 cum
1165 2003 1336 2038 Romano
1357 2002 1445 2038 scri·

75 2050 241 2086 bendum
259 2053 316 2087 illi
336 2053 454 2098 inqens
476 2065 634 2087 somnum
658 2057 725 2088 aut
750 2065 833 2088 cum
850 2054 1022 2090 Mediceo
1049 2055 1118 2089 olli
1135 2066 1293 2088 somnum
1315 2055 1445 2099 inqens,

78 2104 312 2147 nequ'es'vero
339 2114 423 2138 cum
441 2103 626 2139 Vaticano
651 2100 708 2138 illi
729 2116 886 2139 somnum
908 2106 1040 2150 inyens.
1089 2105 1188 2139 Tum
1213 2105 1263 2139 dii
1284 2115 1354 2150 pro
1380 2105 1449 2139 diei

79 2162 191 2186 ausus
205 2156 262 2187 est
273 2151 441 2198 A.1,636.
455 2153 512 2189 Cf.
522 2154 816 2199 Ge11.V1111,14.
825 2161 864 2190 et
872 2167 968 2201 quae
976 2156 1127 2190 Probus
1134 2155 1255 2190 Instit.
1272 2155 1336 2191 Gr.
1344 2155 1375 2199 I,
1389 2154 1445 2199 18,

79 2201 132 2235 10.
144 2201 204 2236 his
218 2203 343 2238 verbis
363 2204 639 2249 complectitur:
665 2206 828 2241 diaeresis
845 2212 894 2240 est
911 2207 983 2241 sive
994 2207 1185 2249 diazeuxis,
1210 2218 1288 2240 cum
1304 2207 1341 2240 in
1360 2207 1447 2240 duas

77 2252 232 2296 syllabas
243 2265 315 2288 una
326 2254 512 2297 diducitur,
525 2261 563 2289 ut
581 2255 696 2290 dives
706 2257 846 2301 pictai
861 2257 993 2291 vestis
1011 2263 1047 2291 et
1065 2255 1447 2303 auri(A.V1111‚26).

81 2301 191 2340 Quam
209 2304 467 2340 declinationem
484 2307 654 2351 Veryilius
671 2313 834 2352 quattuor
853 2309 938 2343 locis
957 2314 1089 2343 tantum
1095 2309 1214 2353 posuit
1230 2308 1267 2342 in
1279 2308 1447 2342 Aeneide.-

79 2353 203 2386 aulai
218 2354 349 2388 medio
371 2353 433 2398 (A.
450 2355 522 2400 ΙΠ,
540 2355 623 2401 354)
644 2362 676 2392 et
693 2363 820 2402 atque
845 2360 973 2393 aurai
993 2359 1206 2404 simplicis
1231 2359 1367 2403 iynem
1386 2356 1447 2404 (A.

78 2401 146 2446 VI,
171 2401 253 2449 747)
282 2409 314 2437 et
341 2403 451 2447 furit
477 2405 594 2440 intus
622 2409 754 2452 aquai
782 2407 841 2453 (A.
870 2408 958 2453 VH,
982 2408 1067 2452 464)
1101 2414 1132 2443 et
1162 2409 1277 2443 dives
1311 2407 1451 2452 pictai

78 2453 206 2487 veseis
224 2459 261 2487 et
280 2454 389 2490 auri.
437 2453 548 2490 Adde
569 2457 733 2502 quianam
750 2457 797 2492 A.
810 2459 856 2502 V,
871 2459 927 2503 13,
947 2459 998 2504 X,
1018 2459 1050 2493 6.
1063 2462 1103 2493 et
1121 2460 1177 2493 vel
1195 2470 1272 2492 cum
1284 2457 1354 2502 XI,
1365 2456 1447 2502 406,

80 2513 193 2559 guae,
206 2507 249 2538 ut
257 2503 502 2546 Quinctiliani
513 2506 620 2551 VIII,
629 2507 663 2551 3,
671 2507 727 2542 25.
737 2508 861 2544 verbis
874 2513 971 2554 utar,
984 2510 1180 2555 pellucent
1193 2512 1232 2544 et
1243 2512 1449 2554 aspergunt

81 2553 194 2599 illam,
209 2566 306 2601 quae
319 2556 434 2591 etiam
445 2556 484 2591 in
495 2557 654 2602 picturis
668 2562 727 2594 est
738 2559 963 2604 gratissima,
977 2560 1176 2595 vetustatis
1189 2559 1449 2594 inimitabilem

80 2603 156 2639 aru
171 2605 444 2642 auctoritatem.
491 2608 625 2654 Neque
645 2619 733 2644 vero
746 2611 829 2644 haec
845 2621 914 2655 pro
927 2612 990 2645 hae
1010 2610 1121 2655 dixit3
1139 2621 1226 2646 nam
1240 2610 1286 2646 G.
1297 2610 1367 2655 111,
1380 2609 1450 2644 305

79 2657 183 2698 recto
209 2666 251 2692 se
278 2655 397 2692 habet
418 2657 533 2694 lectio
553 2658 714 2694 Medicei
739 2663 777 2695 et
800 2661 1126 2706 grammaticorum
1151 2673 1175 2696 a
1194 2672 1252 2696 me
1274 2660 1449 2696 restituta

82 2707 207 2741 tuenda
215 2718 285 2752 pro
293 2708 395 2753 vulg.
404 2710 558 2752 tuendae,
573 2709 596 2744 i.
605 2721 636 2745 e.
646 2721 742 2756 quae
752 2711 798 2745 dc
807 2710 962 2756 caprino
971 2722 1111 2757 genere
1118 2711 1287 2746 diximus.
1307 2710 1448 2747 Contra

82 2766 156 2791 non
176 2768 288 2793 ausus
314 2770 395 2793 sum
412 2757 458 2795 A.
477 2759 548 2805 III,
568 2760 635 2795 686
652 2761 691 2795 ni
711 2764 855 2796 mutare
873 2761 911 2796 in
929 2775 988 2805 ne,
1014 2773 1127 2808 quum
1146 2762 1337 2808 antiquior
1352 2762 1449 2797 haec
