<?xml version="1.0" encoding="UTF-8"?>
<!DOCTYPE html PUBLIC "-//W3C//DTD XHTML 1.0 Transitional//EN"
    "http://www.w3.org/TR/xhtml1/DTD/xhtml1-transitional.dtd">
<html xmlns="http://www.w3.org/1999/xhtml" xml:lang="en" lang="en">
 <head>
  <title>
</title>
<meta http-equiv="Content-Type" content="text/html;charset=utf-8" />
  <meta name='ocr-system' content='tesseract 3.04.00' />
  <meta name='ocr-capabilities' content='ocr_page ocr_carea ocr_par ocr_line ocrx_word'/>
</head>
<body>
  <div class='ocr_page' id='page_1' title='image "./operavirg00virguoft_0069.png"; bbox 0 0 1780 3074; ppageno 0'>
   <div class='ocr_carea' id='block_1_1' title="bbox 511 250 978 289">
    <p class='ocr_par' dir='ltr' id='par_1_1' title="bbox 511 250 978 289">
     <span class='ocr_line' id='line_1_1' title="bbox 511 250 978 289; baseline -0.004 -1"><span class='ocrx_word' id='word_1_1' title='bbox 511 250 813 289; x_wconf 76' lang='lat' dir='ltr'>GEORGICON</span> <span class='ocrx_word' id='word_1_2' title='bbox 830 250 930 287; x_wconf 91' lang='lat' dir='ltr'><strong>LIB.</strong></span> <span class='ocrx_word' id='word_1_3' title='bbox 947 251 978 287; x_wconf 96' lang='lat' dir='ltr'>I.</span> 
     </span>
    </p>
   </div>
   <div class='ocr_carea' id='block_1_2' title="bbox 50 355 1298 1469">
    <p class='ocr_par' dir='ltr' id='par_1_2' title="bbox 50 355 1298 1469">
     <span class='ocr_line' id='line_1_2' title="bbox 62 355 1144 414; baseline -0.004 -13"><span class='ocrx_word' id='word_1_4' title='bbox 62 373 140 401; x_wconf 88' lang='lat' dir='ltr'>ceu</span> <span class='ocrx_word' id='word_1_5' title='bbox 161 371 331 414; x_wconf 79' lang='lat' dir='ltr'>pressae</span> <span class='ocrx_word' id='word_1_6' title='bbox 356 371 451 399; x_wconf 91' lang='lat' dir='ltr'>cum</span> <span class='ocrx_word' id='word_1_7' title='bbox 474 356 559 397; x_wconf 85' lang='lat' dir='ltr'>iam</span> <span class='ocrx_word' id='word_1_8' title='bbox 581 362 747 412; x_wconf 90' lang='lat' dir='ltr'>portum</span> <span class='ocrx_word' id='word_1_9' title='bbox 770 355 943 413; x_wconf 89' lang='lat' dir='ltr'>tetigere</span> <span class='ocrx_word' id='word_1_10' title='bbox 967 355 1144 406; x_wconf 85' lang='lat' dir='ltr'>carinae,</span> 
     </span>
     <span class='ocr_line' id='line_1_3' title="bbox 60 417 1290 477; baseline -0.002 -15"><span class='ocrx_word' id='word_1_11' title='bbox 60 419 270 477; x_wconf 83' lang='lat' dir='ltr'>puppibus</span> <span class='ocrx_word' id='word_1_12' title='bbox 295 426 336 461; x_wconf 90' lang='lat' dir='ltr'>et</span> <span class='ocrx_word' id='word_1_13' title='bbox 359 418 457 460; x_wconf 88' lang='lat' dir='ltr'>laeti</span> <span class='ocrx_word' id='word_1_14' title='bbox 480 424 632 460; x_wconf 88' lang='lat' dir='ltr'>nautae</span> <span class='ocrx_word' id='word_1_15' title='bbox 655 417 875 473; x_wconf 85' lang='lat' dir='ltr'>inposuere</span> <span class='ocrx_word' id='word_1_16' title='bbox 899 432 1085 460; x_wconf 88' lang='lat' dir='ltr'>coronas.</span> <span class='ocrx_word' id='word_1_17' title='bbox 1283 450 1290 454; x_wconf 24' lang='grc' dir='ltr'><em>γ</em></span> 
     </span>
     <span class='ocr_line' id='line_1_4' title="bbox 63 479 1298 536; baseline -0.002 -12"><span class='ocrx_word' id='word_1_18' title='bbox 63 482 138 524; x_wconf 89' lang='lat' dir='ltr'>sed</span> <span class='ocrx_word' id='word_1_19' title='bbox 161 488 301 523; x_wconf 87' lang='lat' dir='ltr'>tamen</span> <span class='ocrx_word' id='word_1_20' title='bbox 325 487 366 522; x_wconf 87' lang='lat' dir='ltr'>et</span> <span class='ocrx_word' id='word_1_21' title='bbox 391 494 570 535; x_wconf 87' lang='lat' dir='ltr'>quernas</span> <span class='ocrx_word' id='word_1_22' title='bbox 595 479 769 536; x_wconf 83' lang='lat' dir='ltr'><strong>glandes</strong></span> <span class='ocrx_word' id='word_1_23' title='bbox 794 486 883 521; x_wconf 92' lang='lat' dir='ltr'>tum</span> <span class='ocrx_word' id='word_1_24' title='bbox 908 479 1110 536; x_wconf 84' lang='lat' dir='ltr'>stringere</span> <span class='ocrx_word' id='word_1_25' title='bbox 1134 485 1298 535; x_wconf 91' lang='lat' dir='ltr'>tempus</span> 
     </span>
     <span class='ocr_line' id='line_1_5' title="bbox 61 542 1070 597; baseline -0.003 -11"><span class='ocrx_word' id='word_1_26' title='bbox 61 551 103 586; x_wconf 92' lang='lat' dir='ltr'>et</span> <span class='ocrx_word' id='word_1_27' title='bbox 125 544 231 586; x_wconf 93' lang='lat' dir='ltr'>lauri</span> <span class='ocrx_word' id='word_1_28' title='bbox 253 542 379 585; x_wconf 86' lang='lat' dir='ltr'>bacas</span> <span class='ocrx_word' id='word_1_29' title='bbox 404 542 622 596; x_wconf 87' lang='lat' dir='ltr'>oleamque</span> <span class='ocrx_word' id='word_1_30' title='bbox 646 548 898 596; x_wconf 87' lang='lat' dir='ltr'>cruentaque</span> <span class='ocrx_word' id='word_1_31' title='bbox 922 548 1070 597; x_wconf 87' lang='lat' dir='ltr'>myrta,</span> 
     </span>
     <span class='ocr_line' id='line_1_6' title="bbox 61 604 1076 662; baseline -0.002 -15"><span class='ocrx_word' id='word_1_32' title='bbox 61 613 150 647; x_wconf 92' lang='lat' dir='ltr'>tum</span> <span class='ocrx_word' id='word_1_33' title='bbox 173 604 347 662; x_wconf 83' lang='lat' dir='ltr'>gruibus</span> <span class='ocrx_word' id='word_1_34' title='bbox 370 604 539 660; x_wconf 85' lang='lat' dir='ltr'>pedicas</span> <span class='ocrx_word' id='word_1_35' title='bbox 564 610 606 645; x_wconf 93' lang='lat' dir='ltr'>et</span> <span class='ocrx_word' id='word_1_36' title='bbox 627 604 731 645; x_wconf 89' lang='lat' dir='ltr'>retia</span> <span class='ocrx_word' id='word_1_37' title='bbox 752 618 906 659; x_wconf 89' lang='lat' dir='ltr'>ponere</span> <span class='ocrx_word' id='word_1_38' title='bbox 930 604 1076 654; x_wconf 89' lang='lat' dir='ltr'>cervis,</span> 
     </span>
     <span class='ocr_line' id='line_1_7' title="bbox 61 665 1139 722; baseline -0.002 -12"><span class='ocrx_word' id='word_1_39' title='bbox 61 668 299 722; x_wconf 82' lang='lat' dir='ltr'>auritosque</span> <span class='ocrx_word' id='word_1_40' title='bbox 324 666 442 721; x_wconf 85' lang='lat' dir='ltr'>sequi</span> <span class='ocrx_word' id='word_1_41' title='bbox 466 665 647 721; x_wconf 89' lang='lat' dir='ltr'>lepores,</span> <span class='ocrx_word' id='word_1_42' title='bbox 672 672 761 706; x_wconf 92' lang='lat' dir='ltr'>tum</span> <span class='ocrx_word' id='word_1_43' title='bbox 785 665 913 722; x_wconf 89' lang='lat' dir='ltr'>figere</span> <span class='ocrx_word' id='word_1_44' title='bbox 937 666 1139 716; x_wconf 89' lang='lat' dir='ltr'>dammas,</span> 
     </span>
     <span class='ocr_line' id='line_1_8' title="bbox 62 727 1121 786; baseline -0.003 -14"><span class='ocrx_word' id='word_1_45' title='bbox 62 737 239 786; x_wconf 88' lang='lat' dir='ltr'>stuppea</span> <span class='ocrx_word' id='word_1_46' title='bbox 262 734 522 782; x_wconf 84' lang='lat' dir='ltr'>torquentem</span> <span class='ocrx_word' id='word_1_47' title='bbox 544 727 732 769; x_wconf 79' lang='lat' dir='ltr'>Balearis</span> <span class='ocrx_word' id='word_1_48' title='bbox 756 727 930 770; x_wconf 88' lang='lat' dir='ltr'>verbera</span> <span class='ocrx_word' id='word_1_49' title='bbox 954 727 1121 778; x_wconf 86' lang='lat' dir='ltr'>fundae,</span> 
     </span>
     <span class='ocr_line' id='line_1_9' title="bbox 62 789 1233 846; baseline -0.002 -12"><span class='ocrx_word' id='word_1_50' title='bbox 62 808 159 834; x_wconf 92' lang='lat' dir='ltr'>cum</span> <span class='ocrx_word' id='word_1_51' title='bbox 181 792 254 833; x_wconf 84' lang='lat' dir='ltr'>nix</span> <span class='ocrx_word' id='word_1_52' title='bbox 278 791 362 833; x_wconf 85' lang='lat' dir='ltr'>alta</span> <span class='ocrx_word' id='word_1_53' title='bbox 384 791 508 840; x_wconf 88' lang='lat' dir='ltr'>iacet,</span> <span class='ocrx_word' id='word_1_54' title='bbox 534 789 712 846; x_wconf 86' lang='lat' dir='ltr'>glaciem</span> <span class='ocrx_word' id='word_1_55' title='bbox 736 804 832 831; x_wconf 89' lang='lat' dir='ltr'>cum</span> <span class='ocrx_word' id='word_1_56' title='bbox 855 790 1028 832; x_wconf 89' lang='lat' dir='ltr'>flumina</span> <span class='ocrx_word' id='word_1_57' title='bbox 1051 790 1233 832; x_wconf 89' lang='lat' dir='ltr'>trudunt.</span> 
     </span>
     <span class='ocr_line' id='line_1_10' title="bbox 119 851 1133 908; baseline -0.001 -13"><span class='ocrx_word' id='word_1_58' title='bbox 119 853 235 908; x_wconf 83' lang='lat' dir='ltr'>Quid</span> <span class='ocrx_word' id='word_1_59' title='bbox 258 858 523 908; x_wconf 87' lang='lat' dir='ltr'>tempestates</span> <span class='ocrx_word' id='word_1_60' title='bbox 548 851 737 892; x_wconf 85' lang='lat' dir='ltr'>autumni</span> <span class='ocrx_word' id='word_1_61' title='bbox 760 857 802 893; x_wconf 91' lang='lat' dir='ltr'>et</span> <span class='ocrx_word' id='word_1_62' title='bbox 825 851 961 894; x_wconf 86' lang='lat' dir='ltr'>sidera</span> <span class='ocrx_word' id='word_1_63' title='bbox 984 852 1133 902; x_wconf 80' lang='lat' dir='ltr'>dicam,</span> 
     </span>
     <span class='ocr_line' id='line_1_11' title="bbox 50 913 1216 970; baseline -0.001 -13"><span class='ocrx_word' id='word_1_64' title='bbox 50 924 205 970; x_wconf 80' lang='lat' dir='ltr'>atque,</span> <span class='ocrx_word' id='word_1_65' title='bbox 229 914 302 957; x_wconf 89' lang='lat' dir='ltr'>ubi</span> <span class='ocrx_word' id='word_1_66' title='bbox 324 914 408 956; x_wconf 87' lang='lat' dir='ltr'>iam</span> <span class='ocrx_word' id='word_1_67' title='bbox 432 913 678 967; x_wconf 82' lang='lat' dir='ltr'>breviorque</span> <span class='ocrx_word' id='word_1_68' title='bbox 702 913 791 955; x_wconf 89' lang='lat' dir='ltr'>dies</span> <span class='ocrx_word' id='word_1_69' title='bbox 816 919 858 954; x_wconf 91' lang='lat' dir='ltr'>et</span> <span class='ocrx_word' id='word_1_70' title='bbox 880 913 1043 955; x_wconf 88' lang='lat' dir='ltr'>mollior</span> <span class='ocrx_word' id='word_1_71' title='bbox 1065 920 1216 964; x_wconf 89' lang='lat' dir='ltr'>aestas,</span> 
     </span>
     <span class='ocr_line' id='line_1_12' title="bbox 62 974 1257 1033; baseline -0.002 -14"><span class='ocrx_word' id='word_1_72' title='bbox 62 992 170 1032; x_wconf 88' lang='lat' dir='ltr'>quae</span> <span class='ocrx_word' id='word_1_73' title='bbox 193 976 404 1033; x_wconf 86' lang='lat' dir='ltr'>vigilanda</span> <span class='ocrx_word' id='word_1_74' title='bbox 427 975 552 1017; x_wconf 83' lang='lat' dir='ltr'>viris?</span> <span class='ocrx_word' id='word_1_75' title='bbox 575 974 642 1017; x_wconf 83' lang='lat' dir='ltr'>vel</span> <span class='ocrx_word' id='word_1_76' title='bbox 666 989 761 1017; x_wconf 86' lang='lat' dir='ltr'>oum</span> <span class='ocrx_word' id='word_1_77' title='bbox 785 975 867 1016; x_wconf 88' lang='lat' dir='ltr'>ruit</span> <span class='ocrx_word' id='word_1_78' title='bbox 889 975 1149 1017; x_wconf 87' lang='lat' dir='ltr'>imbriferum</span> <span class='ocrx_word' id='word_1_79' title='bbox 1172 990 1257 1026; x_wconf 79' lang='lat' dir='ltr'>ver,</span> 
     </span>
     <span class='ocr_line' id='line_1_13' title="bbox 64 1037 1197 1095; baseline -0.002 -14"><span class='ocrx_word' id='word_1_80' title='bbox 64 1040 206 1095; x_wconf 84' lang='lat' dir='ltr'>spicea</span> <span class='ocrx_word' id='word_1_81' title='bbox 227 1039 310 1080; x_wconf 88' lang='lat' dir='ltr'>iam</span> <span class='ocrx_word' id='word_1_82' title='bbox 332 1038 493 1093; x_wconf 87' lang='lat' dir='ltr'>campis</span> <span class='ocrx_word' id='word_1_83' title='bbox 517 1052 614 1079; x_wconf 91' lang='lat' dir='ltr'>cum</span> <span class='ocrx_word' id='word_1_84' title='bbox 638 1037 787 1079; x_wconf 89' lang='lat' dir='ltr'>messis</span> <span class='ocrx_word' id='word_1_85' title='bbox 811 1037 1014 1079; x_wconf 83' lang='lat' dir='ltr'>inhorruit</span> <span class='ocrx_word' id='word_1_86' title='bbox 1037 1043 1077 1079; x_wconf 90' lang='lat' dir='ltr'>et</span> <span class='ocrx_word' id='word_1_87' title='bbox 1101 1052 1197 1079; x_wconf 89' lang='lat' dir='ltr'>eum</span> 
     </span>
     <span class='ocr_line' id='line_1_14' title="bbox 62 1099 1090 1157; baseline -0.003 -13"><span class='ocrx_word' id='word_1_88' title='bbox 62 1103 270 1144; x_wconf 81' lang='lat' dir='ltr'>frumenta</span> <span class='ocrx_word' id='word_1_89' title='bbox 292 1100 336 1142; x_wconf 90' lang='lat' dir='ltr'>in</span> <span class='ocrx_word' id='word_1_90' title='bbox 360 1100 480 1141; x_wconf 73' lang='lat' dir='ltr'>viridi</span> <span class='ocrx_word' id='word_1_91' title='bbox 505 1099 658 1155; x_wconf 86' lang='lat' dir='ltr'>stipula</span> <span class='ocrx_word' id='word_1_92' title='bbox 679 1099 875 1142; x_wconf 84' lang='lat' dir='ltr'>lactentia</span> <span class='ocrx_word' id='word_1_93' title='bbox 898 1100 1090 1157; x_wconf 84' lang='lat' dir='ltr'>turgent?</span> 
     </span>
     <span class='ocr_line' id='line_1_15' title="bbox 63 1162 1196 1220; baseline -0.001 -14"><span class='ocrx_word' id='word_1_94' title='bbox 63 1178 188 1220; x_wconf 86' lang='lat' dir='ltr'>saepe</span> <span class='ocrx_word' id='word_1_95' title='bbox 213 1177 310 1220; x_wconf 86' lang='lat' dir='ltr'>ego,</span> <span class='ocrx_word' id='word_1_96' title='bbox 336 1177 432 1205; x_wconf 89' lang='lat' dir='ltr'>cum</span> <span class='ocrx_word' id='word_1_97' title='bbox 455 1162 574 1204; x_wconf 87' lang='lat' dir='ltr'>flavis</span> <span class='ocrx_word' id='word_1_98' title='bbox 598 1176 826 1204; x_wconf 88' lang='lat' dir='ltr'>messorem</span> <span class='ocrx_word' id='word_1_99' title='bbox 849 1162 1062 1204; x_wconf 87' lang='lat' dir='ltr'>induceret</span> <span class='ocrx_word' id='word_1_100' title='bbox 1086 1163 1196 1205; x_wconf 88' lang='lat' dir='ltr'>arvis</span> 
     </span>
     <span class='ocr_line' id='line_1_16' title="bbox 64 1224 1179 1283; baseline -0.001 -15"><span class='ocrx_word' id='word_1_101' title='bbox 64 1225 248 1283; x_wconf 87' lang='lat' dir='ltr'>agricola</span> <span class='ocrx_word' id='word_1_102' title='bbox 270 1231 313 1267; x_wconf 94' lang='lat' dir='ltr'>et</span> <span class='ocrx_word' id='word_1_103' title='bbox 334 1224 472 1281; x_wconf 81' lang='lat' dir='ltr'>fragili</span> <span class='ocrx_word' id='word_1_104' title='bbox 495 1224 580 1266; x_wconf 90' lang='lat' dir='ltr'>iam</span> <span class='ocrx_word' id='word_1_105' title='bbox 604 1224 825 1280; x_wconf 84' lang='lat' dir='ltr'>stringeret</span> <span class='ocrx_word' id='word_1_106' title='bbox 847 1224 1004 1266; x_wconf 89' lang='lat' dir='ltr'>hordea</span> <span class='ocrx_word' id='word_1_107' title='bbox 1027 1224 1179 1275; x_wconf 90' lang='lat' dir='ltr'>culmo,</span> 
     </span>
     <span class='ocr_line' id='line_1_17' title="bbox 64 1286 1012 1342; baseline -0.002 -12"><span class='ocrx_word' id='word_1_108' title='bbox 64 1288 204 1330; x_wconf 86' lang='lat' dir='ltr'>omnia</span> <span class='ocrx_word' id='word_1_109' title='bbox 226 1293 444 1329; x_wconf 88' lang='lat' dir='ltr'>ventorum</span> <span class='ocrx_word' id='word_1_110' title='bbox 468 1301 711 1329; x_wconf 86' lang='lat' dir='ltr'>concurrere</span> <span class='ocrx_word' id='word_1_111' title='bbox 733 1286 891 1342; x_wconf 89' lang='lat' dir='ltr'>proelia</span> <span class='ocrx_word' id='word_1_112' title='bbox 913 1287 1012 1338; x_wconf 84' lang='lat' dir='ltr'>vidi,</span> 
     </span>
     <span class='ocr_line' id='line_1_18' title="bbox 62 1349 1152 1407; baseline -0.001 -14"><span class='ocrx_word' id='word_1_113' title='bbox 62 1365 170 1406; x_wconf 86' lang='lat' dir='ltr'>quae</span> <span class='ocrx_word' id='word_1_114' title='bbox 193 1351 409 1407; x_wconf 80' lang='lat' dir='ltr'>gravidam</span> <span class='ocrx_word' id='word_1_115' title='bbox 431 1350 514 1392; x_wconf 87' lang='lat' dir='ltr'>late</span> <span class='ocrx_word' id='word_1_116' title='bbox 538 1355 724 1406; x_wconf 85' lang='lat' dir='ltr'>segetem</span> <span class='ocrx_word' id='word_1_117' title='bbox 747 1349 801 1392; x_wconf 88' lang='lat' dir='ltr'>ab</span> <span class='ocrx_word' id='word_1_118' title='bbox 824 1350 1033 1392; x_wconf 89' lang='lat' dir='ltr'>radicibus</span> <span class='ocrx_word' id='word_1_119' title='bbox 1057 1350 1152 1392; x_wconf 90' lang='lat' dir='ltr'>imis</span> 
     </span>
     <span class='ocr_line' id='line_1_19' title="bbox 65 1412 1176 1469; baseline -0.002 -13"><span class='ocrx_word' id='word_1_120' title='bbox 65 1413 286 1456; x_wconf 88' lang='lat' dir='ltr'>sublimem</span> <span class='ocrx_word' id='word_1_121' title='bbox 310 1412 529 1469; x_wconf 85' lang='lat' dir='ltr'>expulsam</span> <span class='ocrx_word' id='word_1_122' title='bbox 552 1418 760 1463; x_wconf 84' lang='lat' dir='ltr'>eruerent3</span> <span class='ocrx_word' id='word_1_123' title='bbox 785 1412 844 1454; x_wconf 90' lang='lat' dir='ltr'>ita</span> <span class='ocrx_word' id='word_1_124' title='bbox 867 1412 1032 1454; x_wconf 91' lang='lat' dir='ltr'>turbine</span> <span class='ocrx_word' id='word_1_125' title='bbox 1055 1413 1176 1469; x_wconf 87' lang='lat' dir='ltr'>nigro</span> 
     </span>
    </p>
   </div>
   <div class='ocr_carea' id='block_1_3' title="bbox 66 1474 1309 1535">
    <p class='ocr_par' dir='ltr' id='par_1_3' title="bbox 66 1474 1309 1535">
     <span class='ocr_line' id='line_1_20' title="bbox 66 1474 1309 1535; baseline -0.002 -17"><span class='ocrx_word' id='word_1_126' title='bbox 66 1476 194 1518; x_wconf 88' lang='lat' dir='ltr'>ferret</span> <span class='ocrx_word' id='word_1_127' title='bbox 216 1475 350 1516; x_wconf 90' lang='lat' dir='ltr'>hiems</span> <span class='ocrx_word' id='word_1_128' title='bbox 375 1474 641 1529; x_wconf 85' lang='lat' dir='ltr'>culmumque</span> <span class='ocrx_word' id='word_1_129' title='bbox 664 1474 801 1516; x_wconf 90' lang='lat' dir='ltr'>levem</span> <span class='ocrx_word' id='word_1_130' title='bbox 825 1474 1083 1530; x_wconf 88' lang='lat' dir='ltr'>stipulasque</span> <span class='ocrx_word' id='word_1_131' title='bbox 1107 1475 1309 1535; x_wconf 84' lang='lat' dir='ltr'>volantes.</span> 
     </span>
    </p>
   </div>
   <div class='ocr_carea' id='block_1_4' title="bbox 65 1536 1294 2772">
    <p class='ocr_par' dir='ltr' id='par_1_4' title="bbox 65 1536 1294 1712">
     <span class='ocr_line' id='line_1_21' title="bbox 66 1536 1294 1593; baseline -0.002 -13"><span class='ocrx_word' id='word_1_132' title='bbox 66 1552 190 1593; x_wconf 83' lang='lat' dir='ltr'>saepe</span> <span class='ocrx_word' id='word_1_133' title='bbox 216 1537 340 1579; x_wconf 89' lang='lat' dir='ltr'>etiam</span> <span class='ocrx_word' id='word_1_134' title='bbox 364 1536 602 1578; x_wconf 90' lang='lat' dir='ltr'>inmensum</span> <span class='ocrx_word' id='word_1_135' title='bbox 626 1536 741 1578; x_wconf 88' lang='lat' dir='ltr'>caelo</span> <span class='ocrx_word' id='word_1_136' title='bbox 765 1537 880 1578; x_wconf 86' lang='lat' dir='ltr'>venit</span> <span class='ocrx_word' id='word_1_137' title='bbox 902 1551 1055 1593; x_wconf 86' lang='lat' dir='ltr'>agmen</span> <span class='ocrx_word' id='word_1_138' title='bbox 1078 1551 1294 1591; x_wconf 89' lang='lat' dir='ltr'>aquarum,</span> 
     </span>
     <span class='ocr_line' id='line_1_22' title="bbox 65 1598 1215 1656; baseline -0.002 -14"><span class='ocrx_word' id='word_1_139' title='bbox 65 1606 106 1642; x_wconf 90' lang='lat' dir='ltr'>et</span> <span class='ocrx_word' id='word_1_140' title='bbox 129 1599 296 1642; x_wconf 89' lang='lat' dir='ltr'>foedam</span> <span class='ocrx_word' id='word_1_141' title='bbox 319 1598 551 1656; x_wconf 86' lang='lat' dir='ltr'>glomerant</span> <span class='ocrx_word' id='word_1_142' title='bbox 573 1604 863 1654; x_wconf 89' lang='lat' dir='ltr'>tempestatem</span> <span class='ocrx_word' id='word_1_143' title='bbox 886 1598 1090 1641; x_wconf 87' lang='lat' dir='ltr'>imbribus</span> <span class='ocrx_word' id='word_1_144' title='bbox 1116 1599 1215 1641; x_wconf 88' lang='lat' dir='ltr'>atris</span> 
     </span>
     <span class='ocr_line' id='line_1_23' title="bbox 65 1660 1085 1712; baseline -0.002 -8"><span class='ocrx_word' id='word_1_145' title='bbox 65 1661 262 1704; x_wconf 90' lang='lat' dir='ltr'>collectae</span> <span class='ocrx_word' id='word_1_146' title='bbox 286 1676 338 1703; x_wconf 88' lang='lat' dir='ltr'>ex</span> <span class='ocrx_word' id='word_1_147' title='bbox 362 1661 445 1703; x_wconf 87' lang='lat' dir='ltr'>alto</span> <span class='ocrx_word' id='word_1_148' title='bbox 469 1660 622 1712; x_wconf 84' lang='lat' dir='ltr'>nubes3</span> <span class='ocrx_word' id='word_1_149' title='bbox 646 1661 728 1702; x_wconf 85' lang='lat' dir='ltr'>ruit</span> <span class='ocrx_word' id='word_1_150' title='bbox 751 1661 907 1703; x_wconf 90' lang='lat' dir='ltr'>arduus</span> <span class='ocrx_word' id='word_1_151' title='bbox 931 1661 1085 1711; x_wconf 84' lang='lat' dir='ltr'>aether,</span> 
     </span>
    </p>

    <p class='ocr_par' dir='ltr' id='par_1_5' title="bbox 65 1722 1201 2026">
     <span class='ocr_line' id='line_1_24' title="bbox 66 1722 1120 1779; baseline 0.001 -15"><span class='ocrx_word' id='word_1_152' title='bbox 66 1731 108 1765; x_wconf 89' lang='lat' dir='ltr'>et</span> <span class='ocrx_word' id='word_1_153' title='bbox 130 1723 272 1779; x_wconf 68' lang='lat' dir='ltr'>pluvia</span> <span class='ocrx_word' id='word_1_154' title='bbox 295 1723 452 1779; x_wconf 88' lang='lat' dir='ltr'>ingenti</span> <span class='ocrx_word' id='word_1_155' title='bbox 477 1729 568 1765; x_wconf 86' lang='lat' dir='ltr'>sata</span> <span class='ocrx_word' id='word_1_156' title='bbox 590 1722 700 1765; x_wconf 86' lang='lat' dir='ltr'>laeta</span> <span class='ocrx_word' id='word_1_157' title='bbox 722 1722 932 1777; x_wconf 91' lang='lat' dir='ltr'>boumque</span> <span class='ocrx_word' id='word_1_158' title='bbox 956 1723 1120 1766; x_wconf 84' lang='lat' dir='ltr'>labores</span> 
     </span>
     <span class='ocr_line' id='line_1_25' title="bbox 65 1785 1201 1841; baseline 0 -14"><span class='ocrx_word' id='word_1_159' title='bbox 65 1785 204 1837; x_wconf 84' lang='lat' dir='ltr'>diluit3</span> <span class='ocrx_word' id='word_1_160' title='bbox 229 1785 438 1841; x_wconf 87' lang='lat' dir='ltr'>inplentur</span> <span class='ocrx_word' id='word_1_161' title='bbox 461 1785 601 1827; x_wconf 81' lang='lat' dir='ltr'>fossae</span> <span class='ocrx_word' id='word_1_162' title='bbox 625 1791 666 1827; x_wconf 91' lang='lat' dir='ltr'>et</span> <span class='ocrx_word' id='word_1_163' title='bbox 689 1800 793 1827; x_wconf 87' lang='lat' dir='ltr'>cava</span> <span class='ocrx_word' id='word_1_164' title='bbox 815 1785 987 1827; x_wconf 85' lang='lat' dir='ltr'>fiumina</span> <span class='ocrx_word' id='word_1_165' title='bbox 1011 1791 1201 1827; x_wconf 89' lang='lat' dir='ltr'>crescunt</span> 
     </span>
     <span class='ocr_line' id='line_1_26' title="bbox 65 1846 1194 1902; baseline -0.001 -13"><span class='ocrx_word' id='word_1_166' title='bbox 65 1862 164 1889; x_wconf 89' lang='lat' dir='ltr'>cum</span> <span class='ocrx_word' id='word_1_167' title='bbox 187 1847 344 1898; x_wconf 91' lang='lat' dir='ltr'>sonitu,</span> <span class='ocrx_word' id='word_1_168' title='bbox 370 1847 585 1901; x_wconf 86' lang='lat' dir='ltr'>fervetque</span> <span class='ocrx_word' id='word_1_169' title='bbox 609 1846 725 1889; x_wconf 87' lang='lat' dir='ltr'>fretis</span> <span class='ocrx_word' id='word_1_170' title='bbox 751 1846 1003 1902; x_wconf 88' lang='lat' dir='ltr'>spirantibus</span> <span class='ocrx_word' id='word_1_171' title='bbox 1028 1861 1194 1901; x_wconf 86' lang='lat' dir='ltr'>aequor.</span> 
     </span>
     <span class='ocr_line' id='line_1_27' title="bbox 65 1909 1120 1965; baseline -0.001 -14"><span class='ocrx_word' id='word_1_172' title='bbox 65 1910 156 1965; x_wconf 91' lang='lat' dir='ltr'>ipse</span> <span class='ocrx_word' id='word_1_173' title='bbox 179 1916 296 1965; x_wconf 91' lang='lat' dir='ltr'>pater</span> <span class='ocrx_word' id='word_1_174' title='bbox 319 1910 455 1951; x_wconf 85' lang='lat' dir='ltr'>media</span> <span class='ocrx_word' id='word_1_175' title='bbox 478 1909 712 1951; x_wconf 91' lang='lat' dir='ltr'>nimborum</span> <span class='ocrx_word' id='word_1_176' title='bbox 735 1909 780 1950; x_wconf 90' lang='lat' dir='ltr'>in</span> <span class='ocrx_word' id='word_1_177' title='bbox 801 1915 922 1951; x_wconf 91' lang='lat' dir='ltr'>nocte</span> <span class='ocrx_word' id='word_1_178' title='bbox 946 1923 1120 1951; x_wconf 88' lang='lat' dir='ltr'>corusca</span> 
     </span>
     <span class='ocr_line' id='line_1_28' title="bbox 67 1971 1072 2026; baseline -0.001 -13"><span class='ocrx_word' id='word_1_179' title='bbox 67 1971 243 2013; x_wconf 81' lang='lat' dir='ltr'>fulmina</span> <span class='ocrx_word' id='word_1_180' title='bbox 265 1971 432 2013; x_wconf 90' lang='lat' dir='ltr'>molitur</span> <span class='ocrx_word' id='word_1_181' title='bbox 455 1971 618 2022; x_wconf 83' lang='lat' dir='ltr'>dextra,</span> <span class='ocrx_word' id='word_1_182' title='bbox 644 1986 727 2026; x_wconf 92' lang='lat' dir='ltr'>quo</span> <span class='ocrx_word' id='word_1_183' title='bbox 751 1971 933 2013; x_wconf 86' lang='lat' dir='ltr'>maxima</span> <span class='ocrx_word' id='word_1_184' title='bbox 955 1977 1072 2013; x_wconf 87' lang='lat' dir='ltr'>motu</span> 
     </span>
    </p>

    <p class='ocr_par' dir='ltr' id='par_1_6' title="bbox 68 2033 1090 2089">
     <span class='ocr_line' id='line_1_29' title="bbox 68 2033 1090 2089; baseline -0.001 -14"><span class='ocrx_word' id='word_1_185' title='bbox 68 2040 177 2075; x_wconf 87' lang='lat' dir='ltr'>terra</span> <span class='ocrx_word' id='word_1_186' title='bbox 199 2033 337 2075; x_wconf 87' lang='lat' dir='ltr'>tremit</span> <span class='ocrx_word' id='word_1_187' title='bbox 344 2050 356 2084; x_wconf 75' lang='grc' dir='ltr'><strong>ς</strong></span> <span class='ocrx_word' id='word_1_188' title='bbox 380 2033 527 2089; x_wconf 83' lang='lat' dir='ltr'>fugere</span> <span class='ocrx_word' id='word_1_189' title='bbox 541 2033 664 2075; x_wconf 77' lang='lat' dir='ltr'>ferae</span> <span class='ocrx_word' id='word_1_190' title='bbox 688 2039 729 2074; x_wconf 92' lang='lat' dir='ltr'>et</span> <span class='ocrx_word' id='word_1_191' title='bbox 751 2033 941 2075; x_wconf 88' lang='lat' dir='ltr'>mortalia</span> <span class='ocrx_word' id='word_1_192' title='bbox 963 2033 1090 2075; x_wconf 86' lang='lat' dir='ltr'>corda</span> 
     </span>
    </p>

    <p class='ocr_par' dir='ltr' id='par_1_7' title="bbox 68 2095 1236 2462">
     <span class='ocr_line' id='line_1_30' title="bbox 68 2095 1152 2152; baseline 0 -15"><span class='ocrx_word' id='word_1_193' title='bbox 68 2110 143 2152; x_wconf 89' lang='lat' dir='ltr'>per</span> <span class='ocrx_word' id='word_1_194' title='bbox 165 2101 310 2152; x_wconf 89' lang='lat' dir='ltr'>gentes</span> <span class='ocrx_word' id='word_1_195' title='bbox 334 2095 501 2137; x_wconf 89' lang='lat' dir='ltr'>humilis</span> <span class='ocrx_word' id='word_1_196' title='bbox 527 2095 672 2137; x_wconf 85' lang='lat' dir='ltr'>stravit</span> <span class='ocrx_word' id='word_1_197' title='bbox 694 2110 844 2151; x_wconf 88' lang='lat' dir='ltr'>pavor:</span> <span class='ocrx_word' id='word_1_198' title='bbox 869 2095 938 2137; x_wconf 88' lang='lat' dir='ltr'>ille</span> <span class='ocrx_word' id='word_1_199' title='bbox 961 2095 1152 2152; x_wconf 87' lang='lat' dir='ltr'>flagranti</span> 
     </span>
     <span class='ocr_line' id='line_1_31' title="bbox 69 2156 1204 2213; baseline 0.001 -14"><span class='ocrx_word' id='word_1_200' title='bbox 69 2163 141 2199; x_wconf 91' lang='lat' dir='ltr'>aut</span> <span class='ocrx_word' id='word_1_201' title='bbox 163 2157 309 2200; x_wconf 92' lang='lat' dir='ltr'>Athon</span> <span class='ocrx_word' id='word_1_202' title='bbox 332 2164 403 2199; x_wconf 85' lang='lat' dir='ltr'>aut</span> <span class='ocrx_word' id='word_1_203' title='bbox 425 2157 660 2213; x_wconf 88' lang='lat' dir='ltr'>Rhodopen</span> <span class='ocrx_word' id='word_1_204' title='bbox 682 2164 756 2199; x_wconf 90' lang='lat' dir='ltr'>aut</span> <span class='ocrx_word' id='word_1_205' title='bbox 779 2158 862 2199; x_wconf 87' lang='lat' dir='ltr'>alta</span> <span class='ocrx_word' id='word_1_206' title='bbox 888 2156 1098 2200; x_wconf 82' lang='lat' dir='ltr'>Ceraunia</span> <span class='ocrx_word' id='word_1_207' title='bbox 1121 2157 1204 2200; x_wconf 91' lang='lat' dir='ltr'>telo</span> 
     </span>
     <span class='ocr_line' id='line_1_32' title="bbox 70 2219 1187 2276; baseline 0.001 -15"><span class='ocrx_word' id='word_1_208' title='bbox 70 2219 211 2270; x_wconf 83' lang='lat' dir='ltr'>deicit3</span> <span class='ocrx_word' id='word_1_209' title='bbox 235 2219 493 2276; x_wconf 87' lang='lat' dir='ltr'>ingeminant</span> <span class='ocrx_word' id='word_1_210' title='bbox 517 2220 647 2262; x_wconf 82' lang='lat' dir='ltr'>austri</span> <span class='ocrx_word' id='word_1_211' title='bbox 671 2226 712 2262; x_wconf 86' lang='lat' dir='ltr'>et</span> <span class='ocrx_word' id='word_1_212' title='bbox 736 2220 1011 2262; x_wconf 85' lang='lat' dir='ltr'>densissimus</span> <span class='ocrx_word' id='word_1_213' title='bbox 1035 2219 1187 2270; x_wconf 87' lang='lat' dir='ltr'>imber3</span> 
     </span>
     <span class='ocr_line' id='line_1_33' title="bbox 70 2282 1236 2339; baseline 0 -16"><span class='ocrx_word' id='word_1_214' title='bbox 70 2296 182 2323; x_wconf 88' lang='lat' dir='ltr'>nunc</span> <span class='ocrx_word' id='word_1_215' title='bbox 204 2296 374 2323; x_wconf 90' lang='lat' dir='ltr'>nemora</span> <span class='ocrx_word' id='word_1_216' title='bbox 396 2283 554 2338; x_wconf 87' lang='lat' dir='ltr'>ingenti</span> <span class='ocrx_word' id='word_1_217' title='bbox 577 2288 720 2333; x_wconf 86' lang='lat' dir='ltr'>vento,</span> <span class='ocrx_word' id='word_1_218' title='bbox 745 2297 856 2325; x_wconf 88' lang='lat' dir='ltr'>nune</span> <span class='ocrx_word' id='word_1_219' title='bbox 878 2282 1000 2325; x_wconf 90' lang='lat' dir='ltr'>litora</span> <span class='ocrx_word' id='word_1_220' title='bbox 1021 2282 1236 2339; x_wconf 89' lang='lat' dir='ltr'>plangunt.</span> 
     </span>
     <span class='ocr_line' id='line_1_34' title="bbox 71 2344 1070 2395; baseline 0.002 -10"><span class='ocrx_word' id='word_1_221' title='bbox 71 2344 152 2386; x_wconf 91' lang='lat' dir='ltr'>hoc</span> <span class='ocrx_word' id='word_1_222' title='bbox 175 2350 364 2385; x_wconf 87' lang='lat' dir='ltr'>metuens</span> <span class='ocrx_word' id='word_1_223' title='bbox 395 2344 498 2385; x_wconf 87' lang='lat' dir='ltr'>caeli</span> <span class='ocrx_word' id='word_1_224' title='bbox 521 2359 687 2387; x_wconf 89' lang='lat' dir='ltr'>menses</span> <span class='ocrx_word' id='word_1_225' title='bbox 712 2350 753 2386; x_wconf 82' lang='lat' dir='ltr'>et</span> <span class='ocrx_word' id='word_1_226' title='bbox 777 2345 914 2387; x_wconf 86' lang='lat' dir='ltr'>sidera</span> <span class='ocrx_word' id='word_1_227' title='bbox 937 2359 1070 2395; x_wconf 84' lang='lat' dir='ltr'>serva,</span> 
     </span>
     <span class='ocr_line' id='line_1_35' title="bbox 71 2404 1005 2462; baseline 0.001 -15"><span class='ocrx_word' id='word_1_228' title='bbox 71 2405 225 2462; x_wconf 88' lang='lat' dir='ltr'>frigida</span> <span class='ocrx_word' id='word_1_229' title='bbox 250 2404 419 2448; x_wconf 86' lang='lat' dir='ltr'>Saturni</span> <span class='ocrx_word' id='word_1_230' title='bbox 444 2420 535 2447; x_wconf 89' lang='lat' dir='ltr'>sese</span> <span class='ocrx_word' id='word_1_231' title='bbox 559 2420 643 2460; x_wconf 89' lang='lat' dir='ltr'>quo</span> <span class='ocrx_word' id='word_1_232' title='bbox 668 2405 787 2448; x_wconf 87' lang='lat' dir='ltr'>stella</span> <span class='ocrx_word' id='word_1_233' title='bbox 808 2411 1005 2462; x_wconf 88' lang='lat' dir='ltr'>receptet,</span> 
     </span>
    </p>

    <p class='ocr_par' dir='ltr' id='par_1_8' title="bbox 73 2466 1039 2524">
     <span class='ocr_line' id='line_1_36' title="bbox 73 2466 1039 2524; baseline -0.001 -14"><span class='ocrx_word' id='word_1_234' title='bbox 73 2483 179 2523; x_wconf 90' lang='lat' dir='ltr'>quos</span> <span class='ocrx_word' id='word_1_235' title='bbox 203 2467 312 2524; x_wconf 89' lang='lat' dir='ltr'>ignis</span> <span class='ocrx_word' id='word_1_236' title='bbox 338 2467 451 2509; x_wconf 89' lang='lat' dir='ltr'>caelo</span> <span class='ocrx_word' id='word_1_237' title='bbox 478 2466 693 2523; x_wconf 85' lang='lat' dir='ltr'>Cyllenius</span> <span class='ocrx_word' id='word_1_238' title='bbox 719 2473 825 2509; x_wconf 89' lang='lat' dir='ltr'>erret</span> <span class='ocrx_word' id='word_1_239' title='bbox 847 2468 892 2509; x_wconf 94' lang='lat' dir='ltr'>in</span> <span class='ocrx_word' id='word_1_240' title='bbox 914 2467 1039 2510; x_wconf 89' lang='lat' dir='ltr'>orbis.</span> 
     </span>
    </p>

    <p class='ocr_par' dir='ltr' id='par_1_9' title="bbox 74 2529 1161 2772">
     <span class='ocr_line' id='line_1_37' title="bbox 74 2529 1161 2586; baseline -0.001 -14"><span class='ocrx_word' id='word_1_241' title='bbox 74 2529 118 2572; x_wconf 91' lang='lat' dir='ltr'>in</span> <span class='ocrx_word' id='word_1_242' title='bbox 139 2530 283 2586; x_wconf 89' lang='lat' dir='ltr'>primis</span> <span class='ocrx_word' id='word_1_243' title='bbox 307 2544 505 2571; x_wconf 80' lang='lat' dir='ltr'>venerare</span> <span class='ocrx_word' id='word_1_244' title='bbox 529 2529 648 2580; x_wconf 90' lang='lat' dir='ltr'>deos,</span> <span class='ocrx_word' id='word_1_245' title='bbox 674 2535 799 2584; x_wconf 87' lang='lat' dir='ltr'>atque</span> <span class='ocrx_word' id='word_1_246' title='bbox 822 2545 961 2571; x_wconf 87' lang='lat' dir='ltr'>annua</span> <span class='ocrx_word' id='word_1_247' title='bbox 983 2544 1161 2586; x_wconf 87' lang='lat' dir='ltr'>magnae</span> 
     </span>
     <span class='ocr_line' id='line_1_38' title="bbox 77 2591 1098 2647; baseline -0.001 -13"><span class='ocrx_word' id='word_1_248' title='bbox 77 2607 194 2634; x_wconf 87' lang='lat' dir='ltr'>sacra</span> <span class='ocrx_word' id='word_1_249' title='bbox 215 2592 325 2634; x_wconf 85' lang='lat' dir='ltr'>refer</span> <span class='ocrx_word' id='word_1_250' title='bbox 350 2591 493 2634; x_wconf 89' lang='lat' dir='ltr'>Cereri</span> <span class='ocrx_word' id='word_1_251' title='bbox 516 2591 635 2633; x_wconf 89' lang='lat' dir='ltr'>laetis</span> <span class='ocrx_word' id='word_1_252' title='bbox 661 2598 854 2647; x_wconf 90' lang='lat' dir='ltr'>operatus</span> <span class='ocrx_word' id='word_1_253' title='bbox 877 2592 922 2633; x_wconf 90' lang='lat' dir='ltr'>in</span> <span class='ocrx_word' id='word_1_254' title='bbox 943 2591 1098 2643; x_wconf 90' lang='lat' dir='ltr'>herbis,</span> 
     </span>
     <span class='ocr_line' id='line_1_39' title="bbox 76 2653 1160 2704; baseline 0.001 -9"><span class='ocrx_word' id='word_1_255' title='bbox 76 2660 284 2696; x_wconf 86' lang='lat' dir='ltr'>extremae</span> <span class='ocrx_word' id='word_1_256' title='bbox 308 2653 386 2697; x_wconf 84' lang='lat' dir='ltr'>sub</span> <span class='ocrx_word' id='word_1_257' title='bbox 411 2668 555 2696; x_wconf 85' lang='lat' dir='ltr'>casum</span> <span class='ocrx_word' id='word_1_258' title='bbox 579 2653 747 2704; x_wconf 90' lang='lat' dir='ltr'>hiemis,</span> <span class='ocrx_word' id='word_1_259' title='bbox 771 2654 856 2695; x_wconf 90' lang='lat' dir='ltr'>iam</span> <span class='ocrx_word' id='word_1_260' title='bbox 878 2668 976 2696; x_wconf 87' lang='lat' dir='ltr'>vere</span> <span class='ocrx_word' id='word_1_261' title='bbox 1002 2668 1160 2696; x_wconf 85' lang='lat' dir='ltr'>sereno.</span> 
     </span>
     <span class='ocr_line' id='line_1_40' title="bbox 78 2715 1070 2772; baseline 0.002 -15"><span class='ocrx_word' id='word_1_262' title='bbox 78 2726 166 2758; x_wconf 91' lang='lat' dir='ltr'>tum</span> <span class='ocrx_word' id='word_1_263' title='bbox 187 2716 363 2771; x_wconf 79' lang='lat' dir='ltr'>pingues</span> <span class='ocrx_word' id='word_1_264' title='bbox 384 2716 486 2772; x_wconf 88' lang='lat' dir='ltr'>agni</span> <span class='ocrx_word' id='word_1_265' title='bbox 510 2722 551 2758; x_wconf 89' lang='lat' dir='ltr'>et</span> <span class='ocrx_word' id='word_1_266' title='bbox 574 2722 663 2757; x_wconf 91' lang='lat' dir='ltr'>tum</span> <span class='ocrx_word' id='word_1_267' title='bbox 687 2715 932 2758; x_wconf 91' lang='lat' dir='ltr'>mollissima</span> <span class='ocrx_word' id='word_1_268' title='bbox 954 2716 1070 2759; x_wconf 86' lang='lat' dir='ltr'>vina:</span> 
     </span>
    </p>
   </div>
   <div class='ocr_carea' id='block_1_5' title="bbox 1371 241 1425 284">
    <p class='ocr_par' dir='ltr' id='par_1_10' title="bbox 1371 241 1425 284">
     <span class='ocr_line' id='line_1_41' title="bbox 1371 241 1425 284; baseline -0.019 0"><span class='ocrx_word' id='word_1_269' title='bbox 1371 241 1425 284; x_wconf 84' lang='lat'>37</span> 
     </span>
    </p>
   </div>
   <div class='ocr_carea' id='block_1_6' title="bbox 1453 492 1519 523">
    <p class='ocr_par' dir='ltr' id='par_1_11' title="bbox 1453 492 1519 523">
     <span class='ocr_line' id='line_1_42' title="bbox 1453 492 1519 523; baseline 0 0"><span class='ocrx_word' id='word_1_270' title='bbox 1453 492 1519 523; x_wconf 83' lang='lat'>305</span> 
     </span>
    </p>
   </div>
   <div class='ocr_carea' id='block_1_7' title="bbox 1456 803 1522 834">
    <p class='ocr_par' dir='ltr' id='par_1_12' title="bbox 1456 803 1522 834">
     <span class='ocr_line' id='line_1_43' title="bbox 1456 803 1522 834; baseline -0.03 0"><span class='ocrx_word' id='word_1_271' title='bbox 1456 803 1522 834; x_wconf 88' lang='lat'>310</span> 
     </span>
    </p>
   </div>
   <div class='ocr_carea' id='block_1_8' title="bbox 1438 1115 1522 1145">
    <p class='ocr_par' dir='ltr' id='par_1_13' title="bbox 1438 1115 1522 1145">
     <span class='ocr_line' id='line_1_44' title="bbox 1438 1115 1522 1145; baseline 0 0"><span class='ocrx_word' id='word_1_272' title='bbox 1438 1115 1522 1145; x_wconf 75' lang='lat'>-315</span> 
     </span>
    </p>
   </div>
   <div class='ocr_carea' id='block_1_9' title="bbox 1459 1426 1524 1456">
    <p class='ocr_par' dir='ltr' id='par_1_14' title="bbox 1459 1426 1524 1456">
     <span class='ocr_line' id='line_1_45' title="bbox 1459 1426 1524 1456; baseline 0 0"><span class='ocrx_word' id='word_1_273' title='bbox 1459 1426 1524 1456; x_wconf 79' lang='lat'>320</span> 
     </span>
    </p>
   </div>
   <div class='ocr_carea' id='block_1_10' title="bbox 1461 1736 1526 1767">
    <p class='ocr_par' dir='ltr' id='par_1_15' title="bbox 1461 1736 1526 1767">
     <span class='ocr_line' id='line_1_46' title="bbox 1461 1736 1526 1767; baseline -0.015 0"><span class='ocrx_word' id='word_1_274' title='bbox 1461 1736 1526 1767; x_wconf 84' lang='lat'>325</span> 
     </span>
    </p>
   </div>
   <div class='ocr_carea' id='block_1_11' title="bbox 1462 2047 1528 2078">
    <p class='ocr_par' dir='ltr' id='par_1_16' title="bbox 1462 2047 1528 2078">
     <span class='ocr_line' id='line_1_47' title="bbox 1462 2047 1528 2078; baseline 0.015 -1"><span class='ocrx_word' id='word_1_275' title='bbox 1462 2047 1528 2078; x_wconf 86' lang='lat'>330</span> 
     </span>
    </p>
   </div>
   <div class='ocr_carea' id='block_1_12' title="bbox 1407 2357 1557 2398">
    <p class='ocr_par' dir='ltr' id='par_1_17' title="bbox 1407 2357 1557 2398">
     <span class='ocr_line' id='line_1_48' title="bbox 1407 2357 1557 2398; baseline 0 -11"><span class='ocrx_word' id='word_1_276' title='bbox 1407 2390 1417 2398; x_wconf 63' lang='grc'>,</span> <span class='ocrx_word' id='word_1_277' title='bbox 1463 2357 1557 2388; x_wconf 86' lang='grc'>335-</span> 
     </span>
    </p>
   </div>
   <div class='ocr_carea' id='block_1_13' title="bbox 1464 2665 1530 2697">
    <p class='ocr_par' dir='ltr' id='par_1_18' title="bbox 1464 2665 1530 2697">
     <span class='ocr_line' id='line_1_49' title="bbox 1464 2665 1530 2697; baseline -0.015 0"><span class='ocrx_word' id='word_1_278' title='bbox 1464 2665 1530 2697; x_wconf 80' lang='grc'>340</span> 
     </span>
    </p>
   </div>
  </div>
 </body>
</html>
