1820 3080
390 283 472 325 288
789 292 832 325 P.
850 290 1080 326 VERGILII
1096 288 1320 327 MARONIS

385 405 491 446 quae
517 390 672 433 Clonus
696 390 919 444 Eurytides
943 379 1071 431 multo
1096 390 1322 432 caelaverat
1344 406 1460 433 auro:

385 467 466 506 quo
489 465 597 492 nunc
621 451 786 491 Turnus
811 457 906 491 ovat
931 451 1060 505 spolio
1084 452 1316 506 gaudetque
1338 452 1504 506 potitus.

297 526 362 557 500
385 512 523 553 nescia
546 526 661 552 mens
685 511 895 551 hominum
919 511 993 552 fati
1017 513 1218 566 sortisque
1242 513 1415 563 futurae,

295 829 359 859 505

297 1132 361 1162 510

298 1436 361 1466 515

297 1740 361 1770 5⁶20

298 2043 362 2073 525

299 2349 364 2379 530

384 578 425 614 et
448 586 609 614 servare
633 572 818 621 modum,
843 571 967 613 rebus
993 572 1155 614 sublata
1179 573 1387 615 secundis!

385 633 524 674 Turno
548 637 709 686 tempus
735 632 826 682 erit,
851 647 1001 688 magno
1027 648 1120 674 cum
1143 634 1342 688 optaverit
1364 640 1544 689 emptum

382 693 579 734 intactum
601 692 789 734 Pallanta
813 698 854 733 et
877 707 971 734 cum
996 694 1125 748 spolia
1148 694 1228 735 ista
1251 694 1440 748 diemque

384 754 525 795 oderit.
551 759 592 795 at
616 754 716 795 socii
739 754 866 795 multo
889 755 1047 809 gemitu
1068 755 1328 809 lacrimisque

382 815 605 870 inpositum
628 821 744 856 scuto
767 815 948 856 referunt
970 815 1158 856 Pallanta
1181 816 1426 870 frequentes.

383 890 408 917 ο
432 875 548 917 dolor
570 881 691 929 atque
715 876 839 916 decus
863 891 1059 931 magnum
1082 877 1258 918 rediture
1268 876 1455 931 parenti!

383 936 486 978 haec
509 942 548 977 te
571 937 703 991 prima
726 937 813 977 dies
838 936 944 978 bello
969 937 1098 987 dedit,
1123 937 1225 979 haec
1249 938 1391 979 eadem
1415 938 1559 989 aufert,

384 1012 478 1039 eum
502 1003 638 1038 tamen
660 997 837 1052 ingentis
861 998 1108 1039 Rutulorum
1130 998 1279 1052 linquis
1304 998 1489 1041 aeervosl

438 1058 525 1100 Nec
548 1059 630 1099 iam
652 1058 763 1099 fama
786 1058 882 1099 mali
906 1059 1024 1108 tanti,
1051 1059 1125 1100 sed
1149 1060 1294 1101 certior
1316 1066 1457 1102 auctor

385 1118 548 1160 advolat
570 1118 756 1168 Aeneae,
782 1119 893 1159 tenui
917 1119 1148 1160 discrimine
1170 1120 1241 1161 leti

386 1194 477 1220 esse
501 1194 616 1229 su0s3
642 1185 802 1234 tempus
827 1180 956 1221 versis
982 1194 1214 1222 succurrere
1239 1181 1422 1223 Teucris.

384 1240 571 1295 proxima
594 1254 780 1294 quaeque
803 1240 918 1281 metit
940 1241 1096 1296 gladio,
1121 1241 1329 1295 latumque
1351 1257 1425 1296 per
1448 1256 1595 1297 agmen

385 1301 531 1342 ardens
555 1301 725 1342 limitem
749 1301 834 1356 agit
856 1301 981 1351 ferro,
1007 1307 1067 1351 te;
1092 1301 1248 1351 Turne,
1275 1302 1496 1356 superbum

386 1363 511 1403 caede
534 1377 641 1403 nova
664 1376 875 1415 quaerens.
901 1362 1058 1412 Pallas,
1082 1362 1295 1412 Euander,
1320 1363 1363 1404 in
1384 1363 1485 1417 ipsis

386 1423 522 1464 omnia
546 1428 640 1463 sunt
663 1422 810 1471 oculis,
835 1436 1018 1472 mensae,
1044 1437 1145 1477 quas
1172 1423 1329 1465 advena
1350 1424 1502 1478 primas

386 1490 482 1524 tune
506 1483 621 1532 adiit,
647 1483 893 1536 dextraeque
917 1483 1048 1525 datae.
1075 1483 1272 1526 Sulmone
1296 1491 1451 1526 creatos

386 1550 578 1598 quattuor
600 1544 666 1585 hic
689 1544 876 1594 iuvenes,
902 1544 1089 1595 totidem,
1115 1559 1218 1598 quos
1243 1546 1390 1587 educat
1413 1545 1560 1596 Ufens,

385 1605 557 1647 viventis
581 1605 704 1660 rapit,
728 1605 894 1647 inferias
919 1620 1021 1659 quos
1045 1606 1227 1648 immolet
1248 1606 1416 1657 umbris,

385 1667 628 1721 captivoque
650 1667 740 1722 rogi
762 1667 982 1722 perfundat
1005 1668 1203 1723 sanguine
1226 1667 1423 1709 flammas.

384 1727 480 1769 inde
502 1727 632 1784 Mago
654 1728 798 1783 procul
819 1729 1023 1771 infensam
1047 1729 1308 1771 contenderat
1329 1728 1502 1770 hastam.

384 1789 452 1830 ille
476 1795 568 1830 astu
592 1789 719 1838 subit,
745 1795 788 1830 at
809 1789 1066 1832 tremibunda
1090 1790 1322 1845 supervolat
1344 1790 1480 1840 hasta3

386 1856 426 1890 et
449 1865 585 1904 genua
608 1849 856 1904 amplectens
882 1850 1029 1892 effatur
1052 1851 1148 1892 talia
1172 1850 1363 1906 supplex:

388 1924 487 1965 „per
508 1910 662 1965 patrios
686 1925 827 1952 manes
851 1916 892 1952 et
915 1925 1009 1966 spes
1036 1912 1238 1966 surgentis
1262 1912 1343 1952 Iuli

387 1976 427 2011 te
449 1984 611 2025 precor,
636 1970 741 2011 hane
765 1971 942 2012 animam
967 1986 1104 2013 serves
1128 1977 1335 2027 gnatoque
1357 1972 1556 2026 patrique.

387 2037 451 2072 est
473 2032 619 2072 domus
644 2031 743 2081 alta,
768 2031 902 2072 iacent
923 2032 1085 2086 penitus
1109 2032 1275 2073 defossa
1298 2031 1448 2072 talenta

387 2091 533 2133 caelati
556 2092 732 2147 argenti,
758 2098 853 2133 sunt
878 2092 965 2133 auri
987 2093 1168 2147 pondera
1191 2092 1288 2133 faeti

386 2152 607 2206 infectique
630 2153 742 2194 mihi.
767 2168 848 2194 non
871 2153 938 2194 hic
961 2154 1130 2194 victoria
1153 2153 1358 2194 Teucrum

386 2213 572 2263 vertitur,
598 2219 668 2255 aut
691 2214 827 2255 anima
849 2229 932 2255 una
954 2214 1067 2256 dabit
1090 2215 1323 2256 discrimina
1345 2218 1495 2256 tanta.“

387 2274 556 2316 dixerat.
581 2273 746 2316 Aeneas
772 2280 911 2316 eontra
935 2275 1000 2316 eui
1023 2276 1119 2316 talia
1141 2275 1291 2316 reddit:

390 2336 574 2392 „argenti
597 2342 718 2390 atque
743 2336 830 2377 auri
853 2351 1054 2378 memoras
1079 2350 1183 2390 quae
1206 2336 1334 2378 multa
1357 2336 1517 2385 talenta,

386 2397 521 2452 gnatis
545 2412 666 2452 parce
689 2397 783 2439 tuis.
809 2397 905 2439 belli
929 2398 1171 2440 commercia
1193 2398 1358 2440 Turnus

389 2458 552 2499 sustulit
575 2459 654 2500 ista
676 2459 786 2513 prior
807 2459 889 2500 iam
912 2464 999 2500 tum
1021 2459 1207 2500 Pallante
1230 2464 1451 2513 perempto.

388 2519 467 2561 hoc
489 2520 615 2574 patris
638 2519 848 2561 Anchisae
871 2535 1031 2570 manes,
1056 2520 1134 2561 hoc
1158 2521 1280 2562 sentit
1301 2520 1456 2561 Iulus.“

389 2581 448 2621 sic
470 2581 580 2622 fatus
604 2581 765 2636 galeam
787 2580 905 2622 laeva
927 2586 1037 2622 tenet
1059 2587 1180 2634 atque
1203 2581 1354 2622 reflexa

303 2653 366 2684 535
391 2641 547 2682 cervice
571 2642 723 2683 orantis
748 2642 894 2696 capulo
918 2647 1037 2683 tenus
1061 2642 1238 2696 adplicat
1260 2656 1411 2682 ensem.

389 2717 465 2744 nec
487 2703 628 2758 procul
652 2702 949 2753 Haemonides,
973 2703 1132 2745 Phoebi
1155 2703 1397 2757 Triviaeque
1422 2702 1622 2751 sacerdos,
