1734 3074
0 1465 7 1496 <a
0 1126 9 1448 -y-ffi—-m--u—oe—uuws
0 1082 6 1112 U*

625 299 896 338 BUCOLICA.

80 409 211 459 Vare,
237 415 330 450 tuas
355 407 540 462 cupiant,
566 412 608 447 et
631 405 762 447 tristia
786 405 961 447 condere
985 404 1093 446 bella
1116 430 1168 435 —-

82 478 287 528 agrestem
311 470 424 512 tenui
447 467 679 511 meditabor
702 467 902 510 arundine
924 466 1108 509 Musam.

81 549 165 576 non
188 533 347 574 iniussa
371 546 487 574 cano.
514 531 549 573 si
572 545 666 585 qms
690 536 830 572 tamen
852 530 956 571 haec
978 544 1163 584 quoque,
1190 530 1225 572 si
1248 531 1342 584 quis

82 602 228 651 captus
253 609 392 637 amore
416 594 547 650 legat3
572 600 613 635 te
637 598 820 642 nostrae,
845 591 976 642 Vare,
1001 592 1193 647 myricae,

81 665 122 699 te
145 671 292 699 nemus
317 671 440 699 omne
464 661 602 706 canet;
627 669 704 697 nec
727 654 900 696 Phoebo
923 655 1079 710 gratior
1102 655 1186 696 ulla
1209 662 1285 706 est,

82 733 208 774 quam
232 718 311 761 sibi
335 733 441 772 quae
464 717 567 759 Vari
590 717 856 772 praescripsit
877 717 1031 772 pagina
1053 732 1218 758 nomen.

138 780 325 837 Pergite,
349 779 550 821 Pierides.
583 778 778 821 Chromis
803 785 844 820 et
866 777 1086 834 Mnasylos
1110 779 1153 820 in
1177 787 1294 822 antro

83 841 272 885 Silenum
294 842 413 897 pueri
437 855 583 883 somno
606 841 747 882 videre
770 840 985 890 iacentem,

81 904 268 946 inflatum
291 905 486 946 hesterno
509 918 658 953 venas,
682 908 729 944 ut
753 917 935 958 semper,
960 902 1133 953 Iaccho;

83 972 192 1008 serta
214 966 358 1022 procul
381 973 541 1008 tantum
566 965 691 1021 capiti
714 964 886 1020 delapsa
907 964 1110 1016 iacebant,

82 1034 123 1070 et
145 1029 285 1085 gravis
310 1029 447 1070 attrita
469 1027 677 1084 pendebat
700 1027 921 1069 cantharus
946 1042 1060 1068 ansa.

82 1090 270 1146 adgressi
293 1116 349 1121 —
372 1106 469 1132 nam
493 1104 619 1145 saepe
643 1104 771 1132 senex
795 1104 870 1145 spe
894 1089 1087 1131 carminis
1112 1089 1236 1132 ambo

81 1153 236 1195 luserat
259 1178 314 1184 —-
338 1154 512 1195 iniciunt
533 1153 636 1209 ipsis
661 1167 714 1195 ex
737 1152 903 1194 vincula
927 1152 1059 1194 sertis.

83 1215 198 1256 addit
221 1230 266 1258 se
292 1216 448 1258 sociam
471 1215 710 1270 timidisque
735 1215 973 1270 supervenit
994 1213 1145 1271 Aegle,

83 1281 239 1337 Aegle,
263 1278 472 1320 Naiadum
494 1277 788 1334 pulcherrima,
812 1278 978 1331 iamque
1002 1277 1159 1318 videnti

84 1342 325 1399 sanguineis
350 1340 527 1382 frontem
552 1341 676 1383 moris
701 1347 742 1382 et
765 1346 953 1395 tempora
974 1340 1121 1396 pingit.

87 1406 155 1447 ille
180 1404 322 1446 dolum
345 1403 484 1445 ridens
511 1417 619 1456 „quo
643 1402 808 1444 vincula
830 1402 1051 1444 nectitis?“
1077 1402 1223 1456 inquit.

87 1467 259 1519 „solvite
283 1480 369 1516 me,
393 1465 529 1520 pueri:
555 1465 655 1507 satis
680 1470 743 1507 est
766 1464 953 1520 potuisse
976 1464 1120 1506 videri.

85 1529 285 1578 carmina,
310 1541 418 1582 quae
441 1527 583 1577 voltis,
610 1527 848 1584 cognoscite
856 1543 867 1578 3
893 1527 1076 1568 carmina
1098 1527 1232 1578 vobis,

87 1591 184 1633 huic
207 1590 320 1632 aliud
342 1589 546 1631 mercedis
571 1589 686 1631 erit.“
713 1589 837 1631 simul
859 1589 1003 1644 incipit
1025 1589 1129 1644 ipse.

85 1660 174 1696 tum
195 1667 295 1694 vero
318 1652 362 1693 in
384 1665 604 1693 numerum
627 1651 881 1705 Faunosque
905 1651 1099 1705 ferasque
1122 1652 1285 1695 videres

84 1716 243 1765 ludere,
269 1720 357 1755 tum
380 1714 535 1769 rigidas
560 1720 720 1755 motare
745 1713 961 1754 cacumina
984 1727 1182 1766 quercus3

83 1792 161 1820 nec
184 1783 344 1818 tantum
368 1774 540 1817 Phoebo
562 1775 719 1831 gaudet
741 1775 944 1817 Parnasia
964 1790 1103 1830 rupes,

84 1854 161 1881 nec
184 1844 344 1880 tantum
367 1837 573 1892 Rhodope
597 1837 797 1878 mirantur
820 1844 861 1878 et
882 1837 1068 1879 Ismarus
1095 1836 1279 1893 Orphea.

83 1915 262 1955 namque
287 1898 480 1950 canebat,
504 1899 566 1940 uti
588 1914 788 1955 magnum
810 1914 884 1955 per
906 1899 1029 1941 inane
1053 1909 1196 1942 coacta

85 1964 243 2007 semina
266 1968 547 2016 terrarumque
571 1962 816 2016 animaeque
839 1962 1048 2016 marisque
1072 1962 1262 2014 fuissent,

85 2032 127 2068 et
148 2025 296 2079 liquidi
319 2023 477 2066 simul
465 2024 596 2080 lgnis,
621 2030 667 2065 ut
690 2024 755 2066 his
780 2024 950 2066 exordia
972 2025 1116 2079 primis

85 2087 222 2129 omnia
245 2093 286 2128 et
308 2086 398 2142 ipse
422 2093 538 2128 tener
560 2087 704 2128 mundi
728 2087 981 2128 concreverit
1005 2087 1136 2137 orbis3

85 2157 174 2191 tum
197 2150 344 2192 durare
370 2149 505 2191 solum
529 2155 570 2191 et
592 2149 825 2192 discludere
848 2149 984 2192 Nerea
1006 2156 1134 2205 ponto

85 2211 283 2267 coeperit,
309 2217 350 2253 et
371 2226 509 2254 rerum
533 2212 747 2267 paullatim
773 2227 935 2254 sumere
959 2211 1134 2262 formas3

85 2275 250 2328 iamque
273 2289 429 2316 novum
452 2280 584 2316 terrae
609 2281 802 2330 stupeant
825 2275 1035 2317 lucescere
1060 2275 1191 2317 solem

87 2336 208 2377 altius
233 2341 356 2389 atque
379 2336 529 2377 cadant
553 2336 755 2379 submotis
778 2337 960 2379 nubibus
984 2337 1158 2388 imbres;

87 2397 285 2452 incipiant
309 2397 437 2439 silvae
461 2412 556 2439 cum
578 2399 759 2453 primum
783 2414 971 2455 surgere,
997 2413 1175 2453 cumque

88 2474 180 2501 rara
202 2474 277 2514 per
299 2459 467 2514 ignaros
492 2466 627 2501 errent
651 2460 844 2502 animalia
866 2461 1031 2502 montis.

89 2520 185 2563 hinc
207 2521 367 2576 lapides
391 2521 578 2576 Pyrrhae
602 2521 753 2572 iactos,
780 2521 976 2564 Saturnia
999 2529 1141 2578 regna,

92 2581 402 2637 Caucasiasque
427 2583 552 2625 refert
575 2583 783 2635 volucres,
809 2584 1049 2639 furtumque
1072 2584 1298 2626 Promethi.

90 2644 154 2687 his
178 2645 382 2702 adiungit,
407 2645 552 2700 Hylan
575 2652 726 2688 nautae
749 2661 832 2700 quo
856 2647 971 2689 fonte
993 2647 1183 2689 relictum

91 2706 356 2758 clamassent,
380 2714 428 2749 ut
450 2708 547 2751 litus
574 2708 734 2764 „Hyla,
759 2709 900 2765 Hyla“
926 2724 1047 2751 omne
1072 2718 1254 2760 sonaret3

93 2775 132 2809 et
155 2768 422 2820 fortunatam,
449 2770 484 2812 si
507 2785 719 2825 nunquam
744 2778 929 2814 armenta
953 2772 1140 2823 fuissent,

1389 293 1443 334 15

1472 608 1512 638 10

1475 1232 1516 1261 20

1478 1855 1519 1884 30

1479 2475 1522 2504 40

1480 2788 1521 2816 -15
