1780 3074
552 302 852 341 GEORGICON
870 301 970 338 LIB.
989 302 1039 337 11.

107 413 301 457 inseritur
323 426 422 454 vero
447 417 488 453 et
511 409 630 451 nucis
655 407 827 450 arbutus
851 406 1018 449 horrida
1040 405 1142 456 fetu,

107 484 150 519 et
173 475 331 518 steriles
355 472 511 530 platani
534 471 666 514 malos
689 484 859 530 gessere
882 469 1086 511 valentes:

107 545 326 581 castaneae
350 537 495 592 fagus,
521 548 730 588 ornusque
754 531 940 574 incanuit
962 530 1058 573 albo

106 601 207 643 flore
230 599 328 656 piri,
353 598 632 655 glandemque
658 610 754 638 sues
779 595 947 651 fregere
967 593 1045 636 sub
1069 592 1206 635 ulmis.

162 662 252 705 Nec
275 662 425 704 modus
449 660 631 701 inserere
655 664 779 712 atque
804 630 983 711 oculos
971 670 1168 711 lnponere
1193 654 1382 711 simplex.

107 740 205 767 nam
228 739 312 779 qua
335 738 380 766 se
404 722 541 764 medio
564 721 734 762 trudunt
757 719 809 760 de
834 718 985 760 cortice
1009 732 1213 774 gemmae,

107 794 148 829 et
172 786 307 828 tenuis
330 790 529 840 rumpunt
552 782 732 832 tunicas,
758 787 962 837 angustus
986 780 1030 821 in
1052 780 1145 836 ipso

107 849 154 890 fit
177 848 287 890 nodo
313 847 449 897 sinus3
474 846 558 887 huc
581 844 716 886 aliena
740 859 792 886 ex
816 842 962 885 arbore
986 857 1158 899 germen

107 910 340 959 includunt,
366 909 531 963 udoque
555 908 706 949 docent
727 906 954 948 inolescere
977 905 1095 947 libro.

108 979 181 1014 aut
203 987 367 1013 rursum
392 971 545 1013 enodes
570 969 704 1011 trunci
726 974 966 1011 resecantur
989 973 1030 1009 et
1053 967 1135 1009 alte

108 1035 277 1076 finditur
298 1034 343 1076 in
366 1033 545 1076 solidum
568 1032 711 1075 cuneis
734 1031 822 1082 via,
847 1030 997 1072 deinde
1020 1029 1180 1072 feraces

108 1098 274 1154 plantae
296 1096 575 1138 inmittuntur:
599 1109 678 1137 nec
699 1094 873 1151 longum
896 1099 1081 1149 tempus,
1106 1099 1148 1135 et
1169 1093 1318 1148 ingens

109 1159 194 1202 exit
218 1159 272 1201 ad
295 1159 456 1201 caelum
478 1158 605 1200 ramis
629 1157 822 1200 felicibus
847 1155 984 1207 arbos,

108 1222 257 1264 mirata
280 1228 426 1276 estque
449 1236 580 1263 novas
604 1220 774 1262 frondes
799 1225 841 1261 et
863 1234 949 1261 non
973 1234 1050 1261 sua
1071 1233 1209 1274 poma.

165 1283 389 1326 Praeterea
411 1298 544 1340 genus
568 1283 682 1324 haud
705 1297 835 1324 unum
859 1296 936 1324 nec
959 1281 1137 1324 fortibus
1162 1280 1300 1331 ulmis,

109 1360 187 1388 nec
212 1345 327 1388 salici
349 1345 534 1400 lotoque,
560 1360 638 1387 nec
660 1344 799 1386 Idaeis
824 1343 1062 1399 cyparissis,

109 1423 187 1450 nec
209 1408 387 1465 pingues
411 1423 538 1449 unam
560 1407 605 1449 in
627 1407 779 1449 faciem
801 1412 1030 1448 nascuntur
1052 1406 1198 1456 olivae,

110 1470 311 1513 orchades
336 1476 378 1512 et
399 1470 504 1512 radii
529 1476 569 1512 et
593 1485 734 1512 amara
756 1468 905 1525 pausia
926 1468 1044 1519 baca,

56 1544 61 1545 ⁷
109 1547 316 1588 pomaque
340 1538 382 1574 et
403 1531 572 1574 Alcinoi
596 1532 743 1574 silvae:
767 1546 845 1573 nec
869 1531 1059 1574 surculus
1083 1530 1195 1572 idem

112 1594 364 1638 Crustumiis
391 1594 608 1650 Syriisque
630 1595 732 1651 piris
757 1593 1039 1651 gravibusque
1062 1593 1258 1635 volemis.-

110 1673 195 1699 non
218 1657 364 1699 eadem
388 1657 604 1700 arboribus
628 1657 782 1713 pendet
804 1656 1016 1698 vindemia
1038 1655 1204 1706 nostris,

111 1734 238 1774 quam
261 1718 562 1775 Methymnaeo
587 1719 718 1775 carpit
741 1719 794 1760 de
817 1718 988 1774 palmite
1011 1717 1200 1768 Lesbos;

113 1787 211 1824 sunt
233 1781 415 1823 Thasiae
438 1781 563 1832 vites,
590 1787 688 1823 sunt
710 1787 752 1823 et
774 1780 1031 1823 Mareotides
1056 1780 1188 1830 albae,

111 1843 339 1900 pinguibus
363 1843 441 1886 hae
466 1844 585 1886 terris
609 1843 789 1894 habiles,
814 1843 1040 1885 levioribus
1063 1843 1179 1893 illae3

112 1913 154 1948 et
175 1921 302 1962 passo
324 1906 479 1962 psithia
502 1906 642 1948 utilior
663 1906 884 1960 tenuisque
907 1905 1065 1962 lageos,

112 1974 318 2011 tentatura
339 1968 468 2024 pedes
493 1968 593 2010 olim
615 1968 887 2023 vincturaque
909 1968 1096 2025 linguam
1103 1984 1115 2019 3

111 2045 342 2087 purpureae
366 2031 631 2086 preciaeque3
657 2037 698 2073 et
721 2045 806 2086 quo
830 2037 871 2073 te
895 2031 1077 2073 carmine
1102 2031 1239 2073 dicam

38 2108 43 2112 ·
112 2092 340 2135 Rhaetica?
363 2107 439 2135 ncc
463 2093 577 2135 cellis
602 2093 696 2136 ideo
721 2094 923 2136 contende
946 2093 1149 2136 Falernis.

114 2161 211 2197 sunt
234 2161 275 2197 et
297 2154 529 2197 Aminaeae
552 2155 679 2207 vites,
703 2155 943 2198 firmissima
966 2156 1076 2207 vina,

114 2217 303 2259 Tmolius
328 2218 516 2274 adsurgit
539 2217 692 2273 quibus
716 2225 758 2260 et
779 2233 855 2260 rex
877 2219 969 2275 ipse
991 2219 1229 2268 Phanaeus,

114 2278 359 2335 Argitisque
383 2279 535 2331 minor,
561 2280 629 2322 cui
650 2295 736 2322 non
759 2281 977 2324 certaverit
999 2281 1085 2323 ulla

115 2346 187 2382 aut
210 2346 371 2382 tantum
392 2341 520 2383 fluere
545 2348 616 2383 aut
639 2343 812 2384 totidem
836 2343 984 2385 durare
1008 2358 1083 2399 per
1106 2357 1251 2385 annos.

115 2417 199 2444 non
223 2416 302 2459 ego
325 2407 385 2453 te,
410 2402 475 2444 dis
499 2409 540 2444 et
562 2404 719 2446 mensis
743 2411 915 2461 accepta
939 2405 1145 2455 secundis,

116 2464 366 2515 transierim,
391 2464 576 2515 Rhodia,
601 2471 644 2507 et
665 2466 854 2517 tumidis,
878 2466 1101 2517 Bumaste,
1125 2466 1314 2508 racemis.

116 2527 191 2569 sed
213 2541 349 2582 neque
372 2541 499 2582 quam
521 2527 676 2569 multae
701 2528 880 2584 species,
904 2543 983 2571 nec
1005 2528 1176 2571 nomina
1197 2542 1305 2583 quae
1330 2527 1424 2576 sint,

116 2594 181 2631 est
203 2603 421 2640 numerus3
445 2603 580 2644 neque
605 2589 716 2631 enim
738 2605 912 2633 numero
936 2587 1216 2647 conprendere
1239 2590 1366 2632 refert
1373 2607 1385 2641 ;

116 2665 241 2705 quem
265 2651 338 2706 qui
361 2651 466 2693 scire
489 2651 608 2702 velit,
632 2651 788 2708 Libyci
811 2652 912 2695 velit
934 2653 1126 2708 aequoris
1149 2653 1262 2695 idem

116 2712 275 2755 discere
298 2727 425 2767 quam
448 2713 604 2756 multae
628 2714 812 2770 zephyro
836 2714 1053 2758 turbentur
1075 2730 1236 2766 arenae,

117 2780 205 2825 aut,
230 2774 302 2817 ubi
325 2775 502 2832 navigiis
528 2776 743 2818 violentior
764 2777 907 2820 incidit
930 2792 1066 2828 eurus,

1417 290 1474 332 45

1502 479 1543 510 70

1503 793 1544 823 75

1503 1105 1547 1136 80

1505 1418 1548 1449 85

1507 1729 1550 1760 90

1510 2352 1574 2383 100

1509 2664 1572 2696 105
