1794 3048
319 651 383 681 420

319 954 383 984 425

319 1257 384 1287 430

318 1560 383 1590 435

319 1862 385 1892 440

320 2167 384 2197 445

319 2470 384 2500 450

414 288 494 330 100
812 293 854 327 P.
873 291 1101 327 VERGILH
1121 291 1345 329 MARONIS

408 397 515 438 laeta
538 410 653 444 suas,
678 393 749 434 ubi
773 392 969 447 templum
992 392 1068 442 illi,
1094 398 1338 446 centumque
1364 392 1524 436 Sabaeo

410 464 498 498 ture
522 455 655 496 calent
677 467 771 495 arae
796 452 995 506 sertisque
1018 453 1249 495 recentibus
1273 453 1423 496 halant.

466 515 710 570 Corripuere
733 513 844 555 viam
866 513 1038 564 interea,
1064 528 1146 568 qua
1170 514 1314 555 semita
1335 521 1545 556 monstrat.

408 578 571 630 iamque
595 574 873 617 ascendebant
896 574 1060 624 collem,
1085 575 1156 629 qui
1178 575 1376 630 plurimus
1400 575 1491 617 urbi

408 638 577 678 inminet
600 636 876 689 adversasque
900 635 1112 691 adspectat
1134 636 1311 691 desuper
1333 651 1459 679 arces.

408 698 576 739 miratur
598 697 747 738 molem
771 695 958 747 Aeneas,
983 696 1161 753 magalia
1183 697 1403 751 quondam,

406 759 575 800 miratur
597 764 736 813 portas
761 758 1055 812 strepitumque
1080 763 1121 799 et
1144 757 1270 799 strata
1292 758 1462 799 viarum.

406 820 559 861 instant
582 819 770 860 ardentes
795 818 930 873 Tyrii,
954 833 1049 873 pars
1074 819 1222 860 ducere
1246 834 1397 868 muros,

407 879 621 933 molirique
645 893 781 920 arcem
805 885 844 920 et
867 879 1057 920 manibus
1083 878 1325 921 subvolvere
1351 895 1463 929 saxa,

407 955 502 995 pars
526 946 666 994 optare
689 939 826 981 locum
849 945 956 981 tecto
981 946 1021 980 et
1044 939 1285 981 concludere
1310 940 1443 990 sulco;

410 1000 516 1056 [iura
540 1000 884 1056 magistratusque
907 1000 1049 1056 legunt
1074 1006 1340 1054 sanctumque
1365 1007 1549 1042 senatum
1560 1002 1591 1057 ς]

407 1062 473 1102 hic
496 1066 637 1115 portus
662 1061 731 1102 alii
754 1061 970 1111 effodiunt;
995 1061 1062 1102 hic
1084 1061 1168 1103 lata
1191 1062 1358 1103 theatris

408 1122 675 1162 fundamenta
697 1121 832 1162 locant
855 1121 941 1171 alii,
966 1121 1223 1175 inmanisque
1248 1122 1457 1163 columnas

407 1182 577 1237 rupibus
603 1182 812 1232 excidunt,
839 1182 996 1224 scaenis
1022 1183 1170 1224 decora
1193 1183 1274 1224 alta
1297 1183 1457 1224 futuris.

408 1243 540 1297 qualis
565 1257 663 1298 apes
689 1249 842 1284 aestate
866 1258 974 1284 nova
995 1257 1069 1298 per
1092 1243 1216 1285 florea
1238 1259 1334 1284 rura

408 1311 569 1345 exercet
593 1303 669 1345 sub
695 1303 780 1345 sole
803 1303 936 1353 labor,
962 1318 1056 1344 cum
1079 1304 1212 1358 gentis
1238 1303 1398 1344 adultos

408 1365 587 1406 educunt
609 1363 736 1413 fetus,
762 1369 832 1405 aut
855 1378 949 1405 cum
971 1363 1168 1417 liquentia
1190 1364 1329 1405 mella,

409 1425 560 1479 stipant
584 1430 625 1465 et
647 1424 757 1465 dulci
780 1425 1018 1466 distendunt
1039 1430 1203 1466 nectare
1227 1425 1363 1475 cellas,

408 1491 479 1527 aut
501 1499 625 1526 onera
648 1484 852 1540 accipiunt
875 1485 1128 1536 venientum,
1153 1491 1224 1527 aut
1246 1486 1408 1541 agmine
1434 1486 1543 1528 facto

407 1547 604 1601 ignavum
627 1545 745 1587 fucos
768 1560 895 1600 pecus
920 1561 945 1587 a
967 1546 1232 1601 praesepibus
1257 1552 1396 1588 arcent
1404 1563 1415 1597 3

408 1607 540 1648 fervet
564 1621 689 1662 opus,
714 1607 979 1661 redolentque
1002 1607 1144 1662 thymo
1168 1608 1392 1664 fragrantia
1414 1608 1548 1649 mella.

411 1683 460 1719 „o
485 1668 699 1718 fortunati,
725 1683 900 1722 quorum
921 1668 1004 1710 iam
1027 1669 1189 1711 moenia
1213 1668 1436 1724 surguntl“

407 1729 574 1771 Aeneas
599 1730 674 1779 ait,
699 1735 740 1771 et
762 1730 929 1786 fastigia
953 1730 1124 1785 suspicit
1146 1730 1271 1772 urbis.

407 1789 530 1831 infert
554 1805 598 1831 se
623 1796 789 1845 saeptus
813 1791 964 1833 nebula
987 1816 1042 1822 —
1065 1792 1249 1833 mirabile
1273 1792 1384 1833 dictu
1408 1817 1461 1822 —

407 1865 482 1905 per
504 1851 661 1893 medios
685 1852 910 1905 miscetque
934 1853 1050 1903 viris,
1075 1867 1209 1906 neque
1233 1853 1409 1894 cernitur
1432 1853 1515 1893 ulli.

463 1912 607 1953 Lucus
631 1913 675 1953 in
698 1912 798 1954 urbe
822 1913 900 1954 fuit
923 1914 1076 1964 media,
1100 1914 1349 1955 laetissimus
1373 1914 1554 1963 umbrae,

409 1987 490 2026 quo
514 1973 690 2027 primum
713 1973 852 2015 iactati
874 1974 994 2016 undis
1018 1980 1059 2015 et
1082 1974 1242 2016 turbine
1265 1974 1397 2015 Poeni

409 2033 587 2075 effodere
610 2033 701 2075 loco
725 2034 909 2090 signum,
935 2035 1047 2088 quod
1068 2035 1183 2091 regia
1206 2035 1311 2076 Iuno

408 2099 670 2144 monstrarat,
696 2100 820 2150 caput
842 2095 947 2137 acris
973 2096 1085 2149 equi:
1111 2096 1170 2137 sic
1193 2111 1289 2137 nam
1311 2095 1399 2137 fore
1423 2095 1531 2137 bello

409 2154 618 2210 egregiam
642 2161 683 2196 et
705 2155 869 2196 facilem
892 2156 1005 2196 victu
1026 2170 1100 2210 per
1123 2155 1287 2197 saecula
1309 2162 1486 2211 gentem.

408 2214 474 2255 hic
498 2215 696 2269 templum
718 2215 869 2256 Iunoni
891 2215 1038 2271 ingens
1065 2214 1236 2258 Sidonia
1257 2215 1373 2257 Dido

409 2274 627 2325 condebat,
652 2275 771 2317 donis
796 2276 1036 2331 opulentum
1059 2282 1100 2318 et
1122 2277 1289 2318 numine
1313 2277 1444 2327 divae,

408 2350 527 2377 aerea
550 2336 617 2377 cui
639 2336 835 2392 gradibus
860 2337 1082 2392 surgebant
1104 2337 1246 2378 limina
1267 2351 1479 2391 nexaeque

408 2411 500 2437 aere
524 2396 678 2447 trabes,
703 2397 861 2439 foribus
885 2398 1007 2439 cardo
1032 2397 1229 2439 stridebat
1251 2398 1376 2440 aenis.

408 2457 485 2498 hoc
508 2457 686 2511 primum
708 2457 751 2498 in
773 2457 866 2499 luco
890 2473 998 2499 nova
1019 2473 1085 2500 res
1110 2458 1247 2500 oblata
1269 2459 1455 2500 timorem

407 2517 539 2567 leniit,
563 2517 630 2559 hic
652 2518 831 2573 primum
855 2517 1020 2561 Aeneas
1045 2533 1208 2574 sperare
1234 2519 1406 2560 salutem

409 2593 534 2619 ausus
559 2584 600 2620 et
622 2578 796 2620 adflictis
820 2579 967 2621 melius
992 2580 1195 2621 confidere
1217 2579 1353 2621 rebus.

408 2652 586 2691 namque
610 2638 688 2680 sub
711 2639 868 2709 ingenti
890 2639 1037 2682 lustrat
1059 2641 1158 2681 dum
1181 2639 1343 2696 singula
1365 2639 1529 2694 templo,

408 2698 591 2752 reginam
614 2700 848 2753 opperiens,
873 2700 990 2750 dum,
1015 2715 1120 2754 quae
1149 2700 1311 2742 fortuna
1335 2700 1387 2741 sit
1410 2700 1513 2749 urbi,
