1820 3080
322 621 388 650 445

324 921 388 950 450

327 1223 390 1253 455

326 1525 390 1555 460

326 1829 390 1858 465

414 258 495 299 246
811 264 852 297 Ρ.
872 262 1100 298 VERGILII
1119 260 1342 296 MARONIS

413 381 524 407 arma
548 366 630 406 acri
653 363 839 404 facienda
861 363 959 402 viro.
985 375 1092 402 nunc
1114 360 1268 402 viribus
1292 375 1405 410 usus,

412 440 519 467 nunc
543 424 728 465 manibus
752 423 924 477 rapidis,
949 422 1059 463 omni
1082 436 1189 462 nunc
1213 427 1297 468 arte
1321 422 1527 476 magistra.

411 485 671 541 praecipitate
694 485 868 524 moras.“
894 497 968 523 nec
992 482 1108 536 plura
1132 482 1298 532 effatus3
1324 487 1365 522 at
1387 482 1445 522 illi

412 547 523 587 ocius
548 544 766 586 incubuere
790 558 930 585 omnes
953 543 1182 598 pariterque
1205 542 1386 584 laborem

413 606 553 648 sortiti.
578 605 666 645 fluit
689 619 757 646 aes
781 605 879 646 rivis
905 604 1072 658 aurique
1096 604 1317 653 metallum,

411 665 703 719 volnificusque
728 664 896 719 chalybs
921 670 1037 706 vasta
1060 664 1224 705 fornace
1246 664 1446 718 liquescit.

411 727 616 781 ingentem
640 725 814 780 clipeum
838 726 1075 774 informant,
1100 740 1227 765 unum
1250 725 1386 766 omnia
1409 731 1548 766 contra

412 787 492 827 tela
513 786 776 835 Latinorum,
803 792 1073 840 septenosque
1097 784 1263 826 orbibus
1289 785 1407 827 orbes

410 846 633 901 inpediunt.
659 846 727 887 alii
749 847 929 887 ventosis
954 846 1119 887 follibus
1143 860 1262 887 auras

412 907 614 962 accipiunt
636 907 907 960 redduntque,
933 906 1000 947 alii
1025 906 1234 948 stridentia
1257 906 1448 962 tinguunt

413 982 507 1008 aera
528 967 631 1008 lacu.
657 968 783 1022 gemit
806 967 992 1022 inpositis
1016 966 1232 1008 incudibus
1257 973 1429 1008 antrum.

412 1027 470 1068 illi
492 1028 596 1068 inter
620 1042 710 1068 sese
734 1027 861 1068 multa
883 1028 925 1068 vi
947 1027 1114 1068 brachia
1136 1027 1281 1068 tollunt

412 1088 455 1129 in
477 1102 707 1138 numerum,
732 1094 974 1141 versantque
998 1088 1130 1129 tenaci
1152 1087 1307 1143 forcipe
1330 1103 1523 1130 massam.

468 1148 587 1189 Haec
609 1154 724 1203 pater
746 1147 903 1190 Aeoliis
926 1154 1115 1203 properat
1138 1149 1235 1189 dum
1258 1149 1459 1190 Lemnius
1484 1149 1578 1197 oris,

414 1209 655 1250 Euandrum
669 1223 730 1249 >ex
752 1209 895 1249 humili
919 1214 1025 1249 tecto
1048 1209 1120 1249 lux
1144 1209 1313 1250 suscitat
1336 1209 1444 1249 alma

415 1276 454 1311 et
477 1269 664 1313 matutini
686 1269 896 1310 volucrum
921 1268 997 1310 sub
1021 1269 1195 1310 culmine
1221 1275 1375 1310 cantus.

415 1331 623 1386 consurgit
646 1330 797 1379 senior,
822 1330 1038 1382 tunicaque
1060 1329 1264 1370 inducitur
1287 1336 1398 1370 artus

415 1397 455 1432 et
479 1391 692 1445 Tyrrhena
713 1391 865 1445 pedum
889 1390 1113 1430 circumdat
1135 1390 1298 1431 vincula
1319 1389 1488 1444 plantis3

415 1458 501 1492 tum
524 1451 639 1492 lateri
662 1457 783 1504 atque
807 1450 986 1491 humeris
1011 1450 1247 1505 Tegeaeum
1272 1450 1450 1506 subligat
1473 1464 1626 1498 ensem,

415 1512 592 1553 demissa
615 1511 666 1552 ab
690 1511 806 1552 laeva
827 1510 1048 1566 pantherae
1073 1517 1187 1566 terga
1209 1517 1459 1564 retorquens.

414 1587 489 1614 nec
511 1587 595 1613 non
618 1578 658 1613 et
680 1572 833 1627 gemini
855 1573 1046 1613 custodes
1070 1571 1208 1612 limine
1232 1571 1283 1613 ab
1308 1572 1389 1612 alto

414 1633 660 1687 praecedunt
682 1646 950 1688 gressumque
974 1646 1095 1673 canes
1121 1632 1364 1673 comitantur
1386 1631 1566 1673 herilem.

414 1693 586 1748 hospitis
609 1693 777 1735 Aeneae
802 1693 941 1735 sedem
965 1699 1006 1734 et
1029 1699 1185 1734 secreta
1207 1692 1371 1747 petebat

416 1769 648 1796 sermonum
670 1769 826 1795 memor
848 1760 888 1794 et
909 1754 1099 1809 promissi
1122 1754 1301 1795 muneris
1325 1754 1456 1795 heros.

414 1829 490 1856 nec
512 1815 647 1856 minus
670 1814 836 1855 Aeneas
861 1830 905 1855 se
928 1816 1149 1856 matutinus
1174 1815 1333 1870 agebat.

415 1876 521 1917 filius
544 1875 639 1916 huic
662 1875 819 1924 Pallas,
844 1875 902 1915 illi
926 1889 1062 1916 comes
1086 1875 1171 1916 ibat
1194 1875 1389 1916 Achates.

415 1936 623 1992 congressi
647 1937 819 1990 iungunt
843 1936 1025 1985 dextras,
1050 1935 1276 1988 mediisque
1299 1936 1482 1976 residunt

392 2040 395 2042 ,
417 1997 585 2038 aedibus
610 2002 650 2036 et
671 1996 781 2036 licito
805 1996 969 2036 tandem
996 2010 1180 2037 sermone
1206 1996 1406 2036 fruuntur.

328 2132 392 2161 470

330 2438 393 2467 475

415 2072 487 2098 rex
509 2057 617 2111 prior
639 2057 757 2098 hacc:

419 2118 620 2169 „maxime
644 2117 894 2158 Teucrorum
918 2118 1079 2167 ductor,
1105 2132 1185 2172 quo
1211 2118 1361 2172 sospite
1384 2131 1606 2171 numquam

415 2194 480 2221 res
505 2179 692 2233 equidem
716 2179 863 2220 Troiae
887 2179 1014 2220 victas
1040 2185 1109 2220 aut
1131 2194 1259 2234 regna
1281 2178 1451 2228 fatebor,

415 2240 533 2282 nobis
558 2241 611 2281 ad
633 2240 728 2281 belli
752 2240 948 2281 auxilium
969 2255 1043 2295 pro
1067 2240 1229 2281 nominc
1253 2246 1364 2281 tanto

416 2302 588 2357 exiguae
612 2301 736 2342 vires:
761 2301 856 2342 hinc
880 2301 1018 2343 Tusco
1043 2301 1269 2342 claudimur
1291 2301 1413 2350 amni,

415 2362 511 2404 hinc
534 2362 712 2403 Rutulus
736 2362 883 2416 premit
906 2368 946 2403 et
969 2377 1130 2403 murum
1155 2363 1427 2403 circumsonat
1449 2361 1584 2402 armis.

419 2423 491 2465 sed
514 2423 587 2464 tibi
611 2438 688 2478 ego
711 2423 887 2478 ingentis
910 2423 1084 2478 populos
1110 2423 1381 2478 opulentaque
1403 2422 1541 2477 regnis

415 2485 583 2540 iungere
607 2490 740 2525 castra
761 2499 879 2539 paro,
906 2499 1029 2538 quam
1051 2484 1136 2526 fors
1160 2484 1325 2539 inopina
1348 2483 1519 2525 salutem

417 2550 604 2586 ostentat.
629 2545 724 2586 fatis
748 2545 829 2586 huc
852 2551 892 2586 te
914 2545 1177 2600 poscentibus
1202 2545 1351 2586 adfers.

418 2605 527 2646 haud
549 2605 689 2660 procul
711 2605 806 2647 hinc
830 2621 929 2647 saxo
952 2605 1140 2647 incolitur
1162 2605 1332 2647 fundata
1353 2608 1513 2645 vetusto

417 2666 528 2708 urbis
553 2666 772 2722 Agullinae
797 2667 934 2717 sedes,
960 2667 1031 2708 ubi
1053 2667 1191 2721 Lydia
1214 2665 1419 2719 quondam
