1820 3080
312 568 372 598 735

312 869 374 900 740

315 1174 376 1203 745

317 1475 380 1506 750

319 1778 381 1808 755

322 2079 383 2110 760

324 2382 386 2412 765

399 263 482 306 294
800 268 839 301 P.
859 264 1088 301 VERGILII
1106 261 1330 297 MARONIS

397 380 592 419 sternere,
618 383 693 410 nee
716 368 822 408 iacta
845 379 1012 407 caecum
1035 364 1132 404 dare
1156 362 1324 417 cuspide
1348 362 1512 411 volnus;

397 433 542 474 obvius
567 430 819 480 adversoque
843 424 1034 473 occurrit,
1060 438 1186 477 seque
1209 423 1296 464 viro
1321 424 1382 464 vir

397 492 582 539 contulit,
607 489 718 530 haud
742 488 850 528 furto
874 486 1033 535 melior,
1060 485 1133 527 sed
1156 484 1330 526 fortibus
1355 485 1490 526 armis.

398 562 484 595 tum
508 565 630 605 super
653 549 856 590 abiectum
879 547 1013 602 posito
1035 546 1141 600 pede
1163 546 1285 587 nixus
1310 551 1350 587 et
1372 545 1508 587 hasta:

400 627 520 668 „pars
545 610 641 653 belli
663 609 775 651 haud
798 607 1034 657 temnenda,
1059 607 1154 657 viri,
1178 607 1284 648 iacet
1306 606 1413 648 altus
1439 604 1640 649 Orodes.“

398 673 653 715 conclamant
676 670 776 712 socii
798 670 950 711 laetum
972 683 1131 723 paeana
1154 668 1295 709 secuti.

396 734 464 775 ille
487 739 623 774 autem
648 730 877 785 exspirans:
905 744 1012 780 „non
1034 744 1119 778 me,
1144 729 1390 782 quicumque
1414 742 1476 777 es,
1501 728 1642 776 inulto,

397 795 545 843 victor,
571 807 647 834 nce
669 792 838 846 longum
860 790 1084 840 laetabere3
1110 797 1150 831 te
1173 804 1336 843 quoque
1360 789 1446 831 fata

398 860 658 910 prospectant
680 853 813 908 paria,
838 858 960 905 atque
984 851 1127 892 eadem
1150 865 1248 892 mox
1270 865 1369 891 arva
1391 849 1587 891 tenebis.“

400 917 453 958 ad
476 930 599 969 quem
624 914 839 956 subridens
864 913 993 954 mixta
1013 911 1248 953 Mezentius
1271 911 1349 952 ira:

402 991 535 1028 „nunc
552 990 721 1017 morere.
746 981 811 1016 ast
829 974 880 1015 de
898 988 964 1015 me
988 973 1126 1014 divom
1148 978 1265 1027 pater
1294 979 1415 1025 atque
1434 971 1646 1013 hominum
1668 985 1737 1011 rex

400 1037 583 1079 viderit.“
609 1037 688 1077 hoc
711 1035 850 1076 dicens
875 1034 1015 1075 eduxit
1038 1047 1205 1087 corpore
1229 1033 1367 1074 telum.

401 1098 470 1139 olli
493 1098 595 1138 dura
618 1096 734 1150 quies
759 1095 899 1137 oculos
924 1100 965 1136 et
988 1094 1142 1135 ferreus
1167 1099 1314 1148 urguet

403 1173 589 1207 somnus,
614 1158 657 1198 in
681 1163 887 1198 aeternam
911 1155 1154 1197 clauduntur
1176 1155 1331 1196 lumina
1354 1161 1527 1195 noctem.

403 1219 606 1262 Caedicus
630 1218 883 1259 Alcathoum
907 1216 1138 1265 obtruncat,
1167 1214 1358 1258 Sacrator
1381 1215 1624 1269 Hydaspen,

402 1279 749 1331 Partheniumque
771 1278 891 1332 Rapo
916 1283 956 1318 et
978 1277 1225 1331 praedurum
1250 1276 1403 1316 viribus
1431 1274 1580 1323 Orsen,

401 1341 624 1394 Messapus
651 1339 923 1391 Cloniumque
947 1337 1288 1391 Lycaoniumque
1312 1336 1515 1385 Ericeten,

402 1402 516 1442 illum
540 1400 710 1440 infrenis
735 1399 829 1452 equi
852 1399 972 1452 lapsu
995 1397 1137 1438 tellure
1161 1397 1371 1446 iacentem,

403 1462 513 1502 hunc
536 1461 713 1514 peditem
737 1459 875 1514 pedes.
902 1466 942 1499 et
965 1458 1122 1512 Lycius
1146 1463 1400 1512 processerat
1422 1457 1549 1512 Agis3

403 1536 527 1575 quem
551 1527 687 1562 tamen
710 1520 821 1561 haud
844 1534 990 1574 expers
1014 1518 1188 1560 Valerus
1212 1518 1372 1559 virtutis
1397 1518 1528 1558 avitae

404 1582 543 1632 deicit,
569 1588 610 1622 at
634 1581 862 1622 Thronium
887 1579 1043 1628 Salius,
1071 1578 1310 1632 Saliumque
1333 1578 1520 1627 Nealces,

404 1643 577 1698 insignis
601 1642 734 1683 iaculo
759 1648 799 1682 et
822 1641 943 1696 longe
968 1641 1133 1681 fallente
1158 1640 1318 1694 sagitta.

460 1704 551 1745 Iam
574 1703 711 1758 gravis
736 1702 938 1756 aequabat
960 1702 1094 1743 luctus
1119 1706 1159 1742 et
1182 1707 1324 1742 mutua
1346 1700 1515 1741 Mavors

405 1764 550 1805 funera
558 1780 569 1814 3
594 1763 818 1804 caedebant
842 1763 992 1817 pariter
1014 1762 1244 1816 pariterque
1267 1761 1438 1803 ruebant

406 1825 580 1866 victores
604 1824 800 1876 victique,
824 1838 958 1876 neque
981 1823 1044 1864 his
1070 1823 1171 1877 fuga
1193 1829 1307 1871 nota,
1332 1836 1464 1875 neque
1488 1821 1580 1862 illis.

408 1885 449 1925 di
472 1884 583 1926 Iovis
608 1885 651 1924 in
675 1884 791 1924 tectis
815 1883 918 1924 iram
942 1883 1186 1924 miserantur
1209 1883 1371 1924 inanem

407 1945 622 1987 amborum
645 1950 686 1985 et
707 1950 840 1985 tantos
865 1943 1102 1985 mortalibus
1127 1957 1219 1985 esse
1241 1943 1421 1992 labores3

407 2005 503 2046 hine
526 2004 688 2054 Venus,
713 2004 808 2045 hinc
833 2010 974 2045 contra
998 2010 1156 2058 spectat
1182 2003 1374 2044 Saturnia
1397 2004 1513 2044 Iuno.

407 2065 558 2120 pallida
582 2065 807 2119 Tisiphone
831 2065 967 2105 media
988 2065 1093 2105 inter
1116 2064 1227 2105 milia
1251 2064 1392 2105 saevit.

408 2132 449 2167 at
471 2140 568 2167 vero
592 2126 801 2180 ingentem
825 2125 1011 2179 quatiens
1035 2124 1269 2166 Mezentius
1292 2124 1454 2165 hastam

408 2187 594 2228 turbidus
618 2187 845 2242 ingreditur
868 2200 1024 2241 campo.
1051 2200 1174 2240 quam
1199 2200 1373 2241 magnus
1400 2184 1542 2234 Orion,

409 2262 503 2289 cum
527 2248 654 2302 pedes
677 2247 830 2288 incedit
852 2248 977 2288 medii
999 2261 1072 2302 per
1095 2247 1275 2288 maxima
1297 2246 1419 2287 Nerei

410 2314 556 2364 stagna
579 2308 687 2349 viam
713 2308 920 2357 scindens,
945 2308 1114 2349 humero
1139 2307 1411 2362 supereminet
1434 2307 1577 2356 undas,

411 2375 483 2410 aut
507 2369 677 2410 summis
701 2369 882 2411 referens
907 2384 1104 2411 annosam
1127 2368 1333 2410 montibus
1358 2383 1502 2409 ornum

410 2429 716 2484 ingrediturque
741 2430 828 2472 solo
853 2436 893 2472 et
916 2436 1038 2485 eaput
1061 2430 1166 2470 inter
1188 2429 1329 2471 nubila
1352 2429 1505 2470 condit:

411 2490 502 2531 talis
527 2505 571 2532 se
595 2491 722 2532 vastis
746 2491 868 2533 infert
891 2490 1124 2532 Mezentius
1154 2490 1290 2531 armis.

411 2551 507 2592 huic
530 2558 670 2593 contra
692 2551 858 2594 Aeneas
872 2583 883 2602 ‚
909 2551 1142 2607 speculatus
1166 2551 1209 2592 in
1233 2551 1395 2606 agmine
1417 2549 1554 2604 longo,

413 2611 557 2653 obvius
581 2612 639 2653 ire
663 2619 789 2666 parat.
815 2619 952 2654 manet
974 2612 1251 2667 inperterritus
1275 2611 1354 2660 ille,

327 2684 390 2714 770
413 2671 573 2714 hostem
595 2674 901 2727 magnanimum
925 2673 1157 2728 opperiens,
1183 2679 1222 2714 ct
1245 2672 1351 2714 mole
1375 2685 1449 2713 sua
1473 2676 1564 2720 stat,
