1800 3106
589 277 850 317 AENEIDOS
868 277 967 314 LIB.
985 277 1034 314 X.
1411 267 1494 311 287

130 402 230 444 „per
252 386 381 443 patris
406 384 634 441 hospitium
658 389 700 426 et
722 397 908 434 mensaS‚
934 396 1039 438 quas
1064 382 1226 424 advena
1250 382 1386 434 adisti,

127 457 168 493 te
191 464 355 506 precor,
380 447 550 498 Alcide,
577 445 734 503 coeptis
757 444 997 502 ingentibus
1022 444 1148 487 adsis.

127 518 268 555 cernat
292 510 490 553 semineci
514 509 595 552 sibi
617 523 684 550 me
707 522 852 564 rapere
877 522 993 550 arma
1017 513 1199 558 eruenta,

126 574 409 627 victoremque
433 572 570 614 ferant
592 571 811 613 morientia
833 569 992 612 lumina
1015 569 1188 612 Turni.“

127 636 258 679 audiit
280 634 455 677 Alcides
479 634 692 684 iuvenem,
717 646 1001 689 magnumque
1027 631 1105 674 sub
1129 631 1213 674 imo

128 698 254 740 eorde
275 696 428 753 premit
450 695 653 753 gemitum
676 694 952 749 lacrimasque
977 693 1153 736 effundit
1176 694 1324 737 inanis.

129 766 218 802 tum
243 759 407 816 genitor
429 764 573 800 natum
598 756 719 799 dictis
744 756 911 798 adfatur
933 755 1098 798 amicis:

130 827 237 874 „stat
263 836 338 863 sua
362 820 510 874 cuique
535 819 645 870 dies3
670 818 797 861 breve
821 824 863 860 et
885 818 1160 874 inreparabile
1184 824 1349 875 tempus
1395 835 1399 839 ’

128 883 322 926 omnibus
347 887 412 924 est
434 881 666 933 vitae30sed
688 881 846 923 famam
870 881 1092 923 extendere
1116 881 1252 933 factis,

127 945 207 987 hoc
229 945 393 987 virtutis
419 959 538 999 opus.
565 943 716 985 Troiae
742 942 820 985 sub
844 943 1064 985 moenibus
1089 943 1183 986 altis

127 1013 188 1049 tot
210 1006 327 1063 gnati
351 1007 537 1048 cecidere
563 1006 706 1055 deum,
733 1005 835 1059 quin
859 1005 1011 1047 occidit
1034 1021 1119 1047 una

129 1068 364 1125 Sarpedon,
391 1083 486 1111 mea
508 1067 744 1124 progenies.
771 1067 896 1109 etiam
922 1082 998 1109 sua
1023 1067 1213 1110 Turnum

126 1131 214 1174 fata
236 1137 406 1182 vocant,
432 1136 649 1185 metasque
674 1129 760 1171 dati
782 1130 971 1185 pervenit
994 1130 1048 1172 ad
1073 1131 1205 1172 aevi.“

128 1194 188 1236 sic
211 1193 269 1235 ait
292 1199 416 1248 atque
441 1192 584 1235 oculos
608 1192 861 1234 Rutulorum
884 1191 1003 1234 reicit
1028 1193 1151 1234 arvis.

128 1261 171 1297 at
192 1254 333 1297 Pallas
358 1255 522 1311 magnis
547 1254 697 1296 emittit
719 1254 878 1296 viribus
902 1254 1080 1306 hastam,

127 1317 363 1374 vaginaque
387 1331 490 1358 cava
512 1315 745 1372 fulgentem
769 1316 908 1372 diripit
932 1331 1087 1359 ensem.

129 1381 198 1422 illa
221 1380 387 1431 volans,
412 1379 574 1421 humeri
599 1384 776 1434 surgunt
799 1393 883 1433 qua
906 1380 1091 1435 tegmina
1115 1396 1291 1432 summa,

130 1443 291 1493 incidit,
318 1448 442 1496 atque
466 1442 579 1483 viam
603 1440 725 1496 clipei
748 1446 812 1483 est
835 1441 979 1483 molita
1001 1456 1077 1497 per
1100 1457 1206 1494 oras,

129 1505 296 1547 tandem
320 1505 445 1546 etiam
468 1518 624 1560 magno
650 1503 814 1545 strinxit
837 1504 889 1545 de
913 1518 1085 1559 corpore
1111 1504 1255 1547 Turni.

128 1568 195 1609 hic
220 1567 388 1609 Turnus
414 1566 523 1609 ferro
546 1566 779 1622 praefixum
801 1565 929 1608 robur
953 1572 1075 1609 acuto

127 1630 171 1672 in
195 1629 388 1671 Pallanta
412 1629 483 1670 diu
507 1628 663 1671 librans
689 1628 787 1670 iacit
810 1634 933 1683 atque
957 1629 1016 1671 ita
1038 1628 1167 1671 fatur:

130 1693 314 1748 „aspiee,
339 1707 440 1733 num
463 1706 587 1748 mage
612 1692 665 1734 sit
689 1697 879 1733 nostrum
900 1692 1158 1748 penetrabile
1182 1693 1352 1735 telum.“

128 1756 306 1806 dixerat3
332 1761 374 1797 at
398 1754 596 1810 clipeum,
622 1759 683 1796 tot
707 1754 806 1796 ferri
829 1760 965 1811 terga,
991 1760 1052 1797 tot
1076 1755 1195 1807 aeris,

128 1832 253 1872 quem
276 1817 396 1873 pellis
421 1817 572 1859 totiens
597 1816 721 1859 obeat
744 1817 1000 1859 circumdata
1024 1818 1144 1869 tauri,

127 1879 308 1922 vibranti
331 1879 472 1935 cuspis
496 1879 681 1921 medium
705 1878 1011 1921 transverberat
1034 1879 1132 1931 ictu,

127 1941 361 1996 loricaeque
385 1956 523 1984 moras
549 1947 590 1983 et
612 1947 759 1997 pectus
782 1941 968 1998 perforat
990 1942 1152 1998 ingens.

126 2004 196 2046 ille
218 2004 327 2060 rapit
350 2003 531 2046 calidum
554 2003 709 2046 frustra
732 2004 784 2046 de
808 2004 976 2046 volnere
1000 2005 1148 2047 telum:

126 2081 210 2108 una
233 2066 461 2120 eademque
485 2066 554 2108 via
578 2066 749 2123 sanguis
774 2066 1022 2122 animusque
1047 2074 1289 2122 sequuntur.

127 2128 279 2171 corruit
300 2129 344 2170 in
366 2129 534 2180 volnus,
561 2129 743 2171 sonitum
767 2144 893 2185 super
917 2145 1033 2172 arma
1056 2130 1221 2182 dedere,

128 2199 170 2232 et
191 2196 343 2232 terram
365 2190 560 2232 hostilem
583 2191 764 2233 moriens
787 2192 892 2246 petit
915 2206 985 2234 ore
1009 2203 1192 2235 cruento.

128 2266 254 2307 quem
277 2251 447 2293 Turnus
472 2267 598 2307 super
620 2247 846 2294 adsistens:

131 2312 364 2365 „Areades,
389 2313 524 2355 haec“
549 2313 683 2367 inquit
709 2328 938 2366 „memores
962 2329 1057 2356 mea
1081 2315 1191 2356 dicta
1214 2316 1365 2358 referte

127 2374 347 2417 Euandro:
372 2374 538 2429 qualem
561 2375 728 2426 meruit,
753 2375 948 2418 Pallanta
969 2377 1146 2419 remitto.

128 2436 317 2492 quisquis
341 2436 473 2478 honos
498 2436 667 2487 tumuli,
693 2437 896 2492 quidquid
920 2438 1107 2480 solamen
1129 2439 1331 2482 humandi
1355 2446 1431 2492 est,

127 2498 291 2555 largior.
316 2498 430 2540 haud
452 2498 512 2540 illi
537 2498 705 2540 stabunt
727 2498 891 2541 Aeneia
912 2514 1042 2555 parvo

128 2560 347 2616 hospitia.“
374 2566 416 2603 et
438 2559 557 2602 laevo
580 2561 733 2616 pressit
755 2561 862 2616 pede
886 2561 984 2604 talia
1007 2561 1118 2604 fatus

129 2623 382 2674 exanimem,
406 2623 574 2678 rapiens
599 2623 782 2665 inmania
804 2624 989 2678 pondera
1011 2624 1150 2675 baltei,

127 2685 444 2741 inpressumque
467 2684 606 2728 nefas:
631 2701 716 2727 una
740 2684 817 2727 sub
842 2692 962 2728 nocte
985 2686 1113 2743 iugali

129 2760 251 2790 caesa
274 2762 422 2790 manus
447 2748 643 2789 iuvenum
666 2747 806 2797 foede,
833 2747 1084 2804 thalamique
1109 2750 1279 2802 cruenti,

1520 457 1588 489 460

1523 771 1589 802 465

1524 1085 1590 1115 470

1525 1397 1591 1427 475

1524 1708 1591 1739 480

1525 2019 1589 2050 485

1522 2330 1588 2361 490

1517 2639 1584 2671 495
