1734 3074
604 272 871 311 BUCOLICA.
1276 285 1284 288 ⁷
1364 264 1420 307 25

57 387 178 436 atque
202 380 361 422 utinam
385 394 438 421 ex
461 378 581 421 vobis
605 394 732 429 unus,
757 377 966 432 vestrique
991 377 1164 420 fuissem
1446 392 1487 422 35

56 449 127 484 aut
151 448 292 484 custos
316 442 477 498 gregis,
503 448 575 483 aut
598 447 784 483 maturae
807 440 959 482 vinitor
982 439 1106 482 uvael

55 511 183 556 certe,
209 505 297 547 sive
321 504 423 545 mihi
445 503 626 559 Phyllis,
653 503 741 545 sive
766 509 877 545 esset
899 501 1122 558 Amyntas,

56 582 130 610 seu
155 567 391 622 quicunque
415 566 548 617 furor,
573 591 628 596 -
652 565 754 620 quid
777 571 885 616 tum,
912 565 948 607 si
969 565 1116 607 fuscus
1139 563 1376 621 Amyntas?

55 638 97 672 et
120 630 265 686 nigrae
290 629 424 671 violae
449 634 546 671 sunt
569 634 610 670 et
633 627 820 670 vaccinia
842 627 962 684 nigra
985 652 1041 658 —

56 706 222 734 mecum
244 692 351 734 inter
375 691 521 734 salices
546 691 658 732 lenta
681 696 752 732 aut
777 689 854 732 sub
879 690 963 733 vite
987 690 1156 733 iaceres.
1444 704 1488 734 40

56 761 166 796 serta
189 754 291 795 mihi
313 753 476 808 Phyllis
500 752 676 808 legeret,
700 757 884 794 cantaret
906 751 1130 808 Amyntas.

54 815 123 857 hic
146 815 277 872 gelidi
300 814 456 864 fontes,
481 814 550 857 hic
572 814 713 856 mollia
735 819 872 869 prata,
896 814 1068 869 Lycori‚

55 878 123 920 hic
146 892 293 920 nemus
301 893 313 928 3
338 876 406 918 hic
428 876 521 932 ipso
545 882 683 918 tecum
707 889 974 917 consumerer
997 891 1113 918 aevo.

54 954 166 982 nunc
187 940 359 982 insanus
384 953 500 980 amor
522 938 615 980 duri
638 952 706 979 me
728 936 879 979 Martis
903 937 948 979 in
971 938 1096 980 armis

57 1002 139 1044 tela
161 1002 268 1044 inter
290 1001 428 1043 media
451 1007 576 1055 atque
601 1000 798 1042 adversos
824 999 980 1041 detinet
1002 1000 1158 1042 hostes.
1448 1016 1490 1046 45

55 1072 101 1106 tu
124 1063 268 1120 procul
293 1079 318 1105 a
340 1062 475 1119 patria
498 1088 553 1093 -—
576 1077 654 1104 nec
679 1062 732 1104 sit
755 1061 856 1103 mihi
881 1062 1048 1104 credere
1072 1068 1233 1104 tantum
1257 1088 1313 1094 -

54 1126 233 1182 Alpinas
259 1126 330 1176 ah,
356 1126 477 1175 dura,
501 1125 619 1167 nives
645 1130 686 1167 et
708 1124 865 1181 frigora
887 1124 1025 1167 Rheni

56 1204 124 1231 me
148 1189 238 1231 sine
263 1188 352 1230 sola
374 1187 505 1229 vides.
536 1187 608 1236 ah,
634 1193 675 1228 te
698 1201 750 1229 ne
773 1186 930 1243 frigora
952 1186 1136 1228 laedant!

56 1251 128 1302 ah,
153 1250 229 1293 tibi
251 1265 304 1292 ne
328 1255 490 1292 teneras
514 1249 670 1306 glacies
695 1255 808 1291 secet
831 1263 979 1304 aspera
1001 1248 1183 1304 plantas!

55 1314 125 1356 ibo
149 1320 189 1356 et
215 1312 455 1356 Chalcidico
479 1327 587 1367 quae
612 1318 709 1355 sunt
731 1312 834 1353 mihi
857 1312 1023 1354 condita
1046 1327 1172 1370 versu
1449 1327 1492 1357 50

56 1376 257 1427 carmina,
281 1375 461 1431 pastoris
489 1373 620 1417 Siculi
642 1373 888 1416 modulabor
912 1389 1056 1416 avena.

56 1444 215 1480 certum
238 1444 302 1480 est
324 1437 370 1479 in
393 1437 527 1488 silvis,
552 1437 660 1479 inter
683 1437 850 1492 spelaea
871 1436 1053 1478 ferarum

55 1500 178 1542 malle
200 1499 288 1555 pati
312 1499 545 1554 tenerisque
569 1514 685 1541 meos
710 1499 890 1541 incidere
915 1514 1077 1541 amores

57 1561 293 1604 arboribus:
319 1567 506 1604 crescent
527 1561 640 1611 illae,
667 1561 878 1612 crescetis,
905 1575 1079 1603 amores.

55 1625 212 1666 interea
234 1624 375 1666 mixtis
398 1622 584 1666 lustrabo
606 1623 804 1665 Maenala
826 1623 1047 1679 Nymphis,
1449 1638 1492 1667 55

57 1693 127 1728 aut
152 1701 267 1728 acres
291 1685 476 1728 venabor
499 1700 636 1741 apros.
667 1700 752 1728 non
775 1700 842 1727 me
865 1685 951 1727 ulla
973 1684 1174 1726 vetabunt

57 1749 212 1805 frigora
234 1747 481 1790 Parthenios
506 1747 679 1789 canibus
704 1747 958 1789 circumdare
984 1747 1127 1788 saltus.

56 1811 140 1852 iam
163 1810 265 1851 mihi
287 1825 362 1865 per
386 1824 511 1866 rupes
535 1810 679 1852 videor
700 1810 901 1864 lucosque
926 1815 1121 1851 sonantes

56 1873 134 1923 ire3
155 1872 259 1914 'libet
282 1871 438 1914 Partho
462 1878 652 1926 torquere
679 1871 881 1928 Cydonea
905 1886 1035 1914 cornu

59 1934 228 1991 spicula.
261 1941 473 1988 tamquam
497 1934 601 1976 haec
624 1934 707 1976 sint
729 1935 860 1976 nostri
882 1933 1089 1976 medicina
1111 1932 1274 1984 furoris,
1454 1945 1496 1973 σο

57 2003 129 2038 aut
153 1996 256 2038 deus
279 1996 349 2038 ille
373 1996 493 2038 malis
517 1997 733 2039 hominum
757 1997 974 2039 mitescere
998 1996 1142 2038 discat.

57 2058 140 2100 iam
164 2073 298 2112 neque
322 2057 643 2115 Hamadryades
667 2074 830 2110 rursus,
855 2074 932 2101 nec
957 2058 1139 2100 carmina
1162 2057 1282 2100 nobis

56 2120 149 2175 ipsa
171 2120 336 2175 placent
344 2137 356 2171 3
379 2121 497 2176 ipsae
520 2136 665 2163 rursus
691 2121 903 2163 concedite
929 2121 1070 2163 silvae.

58 2196 141 2223 non
162 2182 280 2224 illum
302 2182 432 2224 nostri
455 2190 632 2238 possunt
655 2189 815 2226 mutare
837 2183 1014 2234 labores,

58 2257 135 2284 nec
160 2243 197 2284 si
219 2243 444 2300 frigoribus
469 2245 616 2287 mediis
640 2245 916 2300 Hebrumque
939 2245 1144 2295 bibamus,
1450 2258 1492 2288 65

62 2303 357 2359 Sithoniasque
380 2306 498 2348 nives
521 2307 670 2349 hiemis
696 2307 919 2350 subeamus
944 2321 1138 2362 aquosae,

58 2380 136 2408 nec
161 2366 215 2417 si,
241 2381 338 2408 cum
360 2368 540 2410 moriens
565 2369 648 2410 alta
670 2369 775 2412 liber
798 2375 885 2411 aret
907 2370 951 2411 in
973 2370 1100 2419 ulmo,

59 2428 316 2484 Aethiopum
340 2443 554 2471 versemus
580 2431 670 2473 ovis
695 2431 773 2473 sub
799 2431 933 2473 sidere
959 2430 1122 2473 Cancri.

60 2490 198 2532 omnia
221 2490 348 2532 vincit
371 2489 524 2542 Amor3
550 2497 591 2533 et
614 2506 691 2534 nos
716 2493 913 2534 cedamus
937 2491 1098 2534 Amori.

116 2551 238 2594 Haec
261 2558 326 2594 sat
350 2553 443 2603 erit,
469 2553 608 2603 divae,
633 2560 816 2596 vestrum
842 2553 1041 2595 cecinisse
1064 2559 1242 2609 poetam,
1450 2567 1492 2598 70

62 2612 162 2654 dum
186 2614 302 2656 sedet
326 2621 367 2656 et
389 2615 534 2671 gracili
557 2615 757 2657 fiscellam
780 2616 883 2657 texit
905 2615 1078 2665 hibisco,

62 2674 267 2726 Pierides3
295 2692 367 2719 vos
391 2677 495 2719 haec
518 2677 679 2719 facietis
704 2678 887 2719 maxima
912 2675 1048 2727 Gallo,

65 2735 204 2789 Gallo,
230 2739 345 2783 cuius
372 2755 487 2782 amor
511 2746 670 2782 tantum
694 2741 795 2783 mihi
819 2740 966 2783 crescit
987 2740 1031 2781 in
1054 2740 1189 2790 horas,
