1794 3048
314 404 378 434 420

312 709 375 737 4‘25

311 1012 376 1043 430

311 1317 375 1348 435

313 1624 376 1652 440

311 1929 375 1958 445

310 2235 376 2264 450

311 2540 376 2569 455

406 282 487 324 160
806 291 848 326 Ρ.
867 291 1099 327 VERGILII
1116 291 1340 330 MARONIS

402 398 443 433 et
464 392 661 446 perferre,
688 406 819 441 soror,
844 398 998 447 potero.
1023 393 1196 434 miserae
1219 393 1297 435 hoc
1320 399 1456 435 tamen
1479 409 1603 435 unum

401 466 642 505 exsequere,
667 451 810 501 Anna,
835 452 953 502 mihi3
979 453 1108 494 solam
1131 469 1227 495 nam
1249 455 1428 508 perfidus
1452 456 1518 496 ille

400 520 440 553 te
463 513 612 562 colere,
637 526 807 554 arcanos
832 513 954 554 etiam
978 513 1051 554 tibi
1076 515 1239 555 credere
1265 529 1409 557 sensus
1417 531 1428 566 3

401 573 486 614 sola
509 573 586 614 viri
608 573 742 614 mollis
767 573 900 615 aditus
925 580 966 615 et
988 580 1172 629 tempora
1195 591 1336 617 noras:

399 635 431 683 i,
457 649 587 684 soror,
613 640 735 688 atque
757 634 918 676 hostem
943 636 1114 690 supplex
1138 636 1278 678 adfare
1303 637 1534 692 superbum.

400 709 482 736 non
506 710 583 750 ego
607 710 700 736 eum
724 695 883 737 Danais
908 696 1128 737 Troianam
1152 697 1388 739 exscindere
1411 705 1574 753 gentem

398 755 552 797 Aulide
575 756 725 806 iuravi,
750 756 975 798 classemve
999 758 1052 798 ad
1074 757 1279 814 Pergama
1301 759 1406 808 misi,

399 831 475 859 nec
497 817 624 872 patris
648 816 858 859 Anchisae
883 818 1059 859 cinerem
1082 834 1275 860 manesve
1298 820 1456 861 revelli:

399 893 472 919 cur
494 893 586 920 mea
610 878 718 920 dicta
740 885 863 935 neget
887 879 1009 920 duras
1035 879 1246 921 demittere
1269 880 1312 921 in
1335 881 1469 922 auris?

399 953 481 993 quo
503 939 608 980 ruit?
631 946 858 981 extremum
881 939 960 981 hoc
982 940 1155 982 miserae
1179 941 1248 982 det
1271 956 1419 983 munus
1444 943 1612 983 amanti:

399 1006 608 1055 exspectet
630 1001 873 1055 facilemque
895 1001 1038 1058 fugam
1061 1007 1285 1056 ventosque
1309 1002 1488 1044 ferentis.

398 1076 480 1102 non
503 1062 586 1103 iam
609 1062 845 1118 coniugium
869 1063 1098 1116 antiquum,
1124 1064 1234 1116 quod
1255 1064 1450 1118 prodidit,
1477 1079 1560 1113 oro,

398 1137 475 1164 nee
497 1122 667 1178 pulchro
690 1129 736 1164 ut
758 1122 882 1164 Latio
906 1129 1042 1164 careat
1062 1138 1317 1180 regnumque
1340 1125 1560 1178 relinquat;

399 1189 560 1239 tempus
584 1183 705 1225 inane
726 1189 840 1239 peto,
863 1184 1046 1237 requiem
1070 1185 1326 1239 spatiumque
1349 1185 1488 1235 furori,

399 1245 498 1286 dum
520 1259 613 1286 mea
635 1259 702 1286 me
725 1245 875 1286 victam
899 1245 1043 1286 doceat
1065 1245 1228 1286 fortuna
1251 1247 1399 1287 dolere.

401 1311 623 1346 extremam
646 1305 753 1346 hanc
777 1320 848 1346 oro
872 1305 1033 1346 veniam
1057 1330 1110 1335 —
1134 1307 1325 1348 miserere
1351 1307 1498 1347 sororis
1524 1323 1596 1353 —;

400 1380 523 1420 quam
548 1366 647 1406 mihi
671 1380 764 1407 cum
789 1366 962 1415 dederit,
989 1366 1194 1408 cumulata
1217 1377 1346 1409 morte
1369 1368 1610 1408 remittam.“

457 1427 627 1468 Talibus
652 1426 811 1475 orabat,
837 1426 1010 1480 talisque
1034 1427 1262 1469 miserrima
1283 1428 1400 1469 fietus

400 1488 558 1541 fertque
581 1487 785 1541 refertque
811 1502 935 1528 soror.
963 1487 1036 1529 sed
1058 1488 1180 1530 nullis
1204 1489 1271 1530 ille
1295 1496 1482 1530 movetur

399 1549 561 1590 fletibus
586 1555 656 1589 aut
678 1563 799 1590 voces
824 1548 928 1590 ullas
953 1549 1172 1591 tractabilis
1197 1550 1327 1600 audit3

402 1610 486 1651 fata
510 1609 691 1659 obstant,
716 1610 980 1664 placidasque
1003 1610 1079 1651 viri
1102 1611 1202 1652 deus
1227 1611 1401 1652 obstruit
1424 1612 1544 1652 auris.

400 1686 448 1712 ac
471 1671 582 1712 velut
606 1686 760 1713 annoso
784 1671 961 1712 validam
985 1686 1078 1713 cum
1101 1672 1246 1714 robore
1269 1686 1463 1726 quercum

398 1732 543 1788 Alpini
565 1732 714 1774 boreae
736 1747 845 1774 nunc
868 1733 963 1774 hinc
985 1747 1094 1774 nunc
1117 1733 1281 1775 flatibus
1305 1733 1413 1774 illinc

400 1807 540 1834 eruere
563 1793 668 1835 inter
692 1808 736 1835 se
761 1800 933 1845 certant3
957 1794 990 1835 it
1013 1795 1161 1836 stridor
1185 1800 1224 1836 et
1248 1794 1353 1836 altae

401 1860 665 1895 consternunt
688 1860 836 1895 terram
861 1869 1061 1897 concusso
1086 1855 1221 1911 stipite
1245 1855 1430 1906 frondes3

398 1915 490 1969 ipsa
511 1914 652 1955 haeret
676 1915 854 1969 scopulis
879 1921 936 1965 et,
962 1922 1160 1970 quantum
1183 1917 1333 1958 vertice
1358 1917 1410 1958 ad
1434 1931 1552 1958 auras

399 1975 618 2025 aetherias,
643 1980 800 2015 tanturn
823 1977 959 2017 radice
983 1977 1025 2016 in
1050 1977 1221 2018 Tartara
1244 1978 1389 2018 tendit:
1558 1976 1561 1977 ⁷

398 2036 510 2077 haud
535 2050 654 2077 secus
679 2036 862 2078 adsiduis
886 2036 980 2077 hinc
1004 2043 1125 2090 atque
1149 2037 1243 2078 hinc
1267 2037 1436 2078 vocibus
1460 2037 1579 2078 heros

399 2097 583 2138 tunditur
606 2102 646 2138 et
669 2112 819 2152 magno
842 2098 1038 2152 persentit
1060 2103 1223 2153 pectore
1248 2112 1384 2147 curas3

399 2173 516 2200 mens
539 2158 695 2199 inmota
718 2164 872 2208 manet,
897 2158 1087 2200 lacrimae
1111 2159 1330 2200 volvuntur
1351 2159 1506 2200 inanes.

456 2219 566 2261 Tum
590 2233 686 2260 vero
709 2219 852 2260 infelix
875 2219 970 2260 fatis
995 2219 1185 2261 exterrita
1206 2219 1320 2261 Dido

398 2287 570 2323 mortem
594 2286 699 2330 orat3
724 2281 860 2322 taedet
883 2281 984 2322 caeli
1008 2295 1191 2322 convexa
1213 2281 1328 2322 tueri.

400 2357 480 2397 quo
505 2342 637 2397 magis
661 2341 868 2397 inceptum
891 2348 1060 2397 peragat
1082 2342 1297 2396 lucemque
1319 2342 1530 2396 relinquat,

399 2404 518 2452 vidit,
544 2403 770 2444 turicremis
795 2417 888 2444 cum
912 2403 1019 2444 dona
1041 2403 1253 2458 inponeret
1276 2404 1356 2445 aris
1382 2428 1436 2433 —-

401 2464 648 2506 horrendum
672 2465 784 2505 dictu
807 2489 861 2494 —
884 2464 1024 2505 latices
1048 2464 1279 2519 nigrescere
1303 2478 1439 2506 sacros

402 2527 575 2579 fusaque
598 2525 641 2566 in
664 2525 887 2566 obscenum
912 2539 956 2567 se
979 2532 1135 2566 vertere
1158 2526 1254 2566 vina
1277 2539 1471 2566 cruorem.

399 2588 478 2628 hoc
500 2587 635 2628 visum
660 2587 778 2637 nulli,
802 2601 884 2628 non
907 2587 987 2641 ipsi
1011 2587 1134 2628 effata
1158 2587 1285 2628 sorori
1308 2592 1381 2626 est.

399 2654 609 2702 praeterea
632 2647 711 2688 fuit
733 2648 776 2688 in
799 2648 916 2689 tectis
941 2648 992 2688 de
1015 2662 1215 2689 marmore
1238 2646 1432 2701 templum

401 2709 585 2763 coniugis
610 2709 782 2763 antiqui,
807 2709 910 2750 miro
933 2710 1043 2762 quod
1065 2709 1217 2750 honore
1241 2707 1410 2753 colebat,
