1820 3080
321 286 402 327 322
724 293 761 326 P.
781 291 1010 327 VERGILII
1029 290 1254 328 MARONIS

232 407 295 438 910
319 401 360 436 et
382 409 550 437 saevum
573 392 745 433 Aenean
771 391 964 446 adgnovit
989 392 1152 433 Turnus
1177 393 1217 432 in
1243 394 1364 435 armis

230 709 291 738 915

253 1802 292 1832 10

254 2104 293 2133 15

319 456 618 506 adventumque
643 452 794 506 pedum
818 451 1020 505 flatusque
1045 453 1199 493 audivit
1225 468 1432 508 equorum.

318 516 589 567 continuoque
612 513 750 554 ineant
772 526 932 567 pugnas
958 518 998 554 et
1020 513 1175 567 proelia
1197 520 1406 569 temptent,

317 577 358 617 ni
382 589 523 616 roseus
548 574 682 615 sessos
706 573 787 614 iam
810 573 972 629 gurgite
996 573 1191 615 Phoebus
1215 574 1374 617 Hibero

318 637 476 691 tinguat
499 648 626 688 equos
649 640 892 688 noctemque
916 635 981 676 die
1004 635 1166 676 labente
1189 637 1367 677 reducat.

316 696 531 737 considunt
555 695 698 736 castris
723 701 815 736 ante
840 695 982 737 urbem
1007 702 1047 736 et
1069 697 1229 737 moenia
1253 697 1415 738 vallant.

727 978 1256 1031 AENEIDOS

792 1129 1047 1167 LIBER
1092 1131 1188 1167 XII.

373 1243 538 1283 Turnus
563 1248 607 1282 ut
630 1241 823 1282 infractos
847 1242 1018 1283 adverso
1041 1241 1177 1283 Marte
1199 1243 1373 1285 Latinos

316 1303 516 1344 defecisse
540 1303 668 1351 videt,
696 1317 770 1343 sua
793 1316 902 1343 nunc
923 1304 1127 1357 promissa
1148 1305 1321 1358 reposci,

318 1379 360 1405 se
386 1363 538 1418 signari
561 1363 708 1412 oculis,
733 1363 839 1403 ultro
862 1363 1115 1417 inplacabilis
1141 1365 1266 1414 ardet,

317 1424 543 1477 attollitque
567 1424 736 1464 animos.
761 1422 994 1464 Poenorum
1019 1424 1151 1477 qualis
1175 1425 1217 1465 in
1242 1426 1362 1474 arvis,

318 1484 480 1526 saucius
505 1483 571 1524 ille
595 1483 711 1538 gravi
733 1491 954 1525 venantum
978 1485 1142 1526 volnere
1165 1492 1320 1539 pectus,

316 1556 403 1587 tum
428 1546 591 1586 demum
616 1551 753 1586 movet
777 1560 889 1586 arma
912 1546 994 1595 leo,
1019 1547 1251 1601 gaudetque
1276 1555 1483 1589 comantes

316 1606 526 1648 excutiens
552 1606 709 1647 cervice
732 1611 861 1656 toros,
886 1606 1094 1660 fixumque
1118 1607 1284 1649 latronis

315 1667 531 1722 inpavidus
555 1667 707 1722 frangit
730 1666 855 1708 telum
880 1674 920 1708 et
942 1668 1079 1708 fremit
1102 1683 1170 1709 ore
1194 1675 1377 1710 cruento:

315 1728 426 1769 haud
451 1742 568 1769 secus
594 1742 766 1769 accenso
789 1727 925 1783 gliscit
948 1728 1140 1770 violentia
1164 1729 1316 1771 Turno.

316 1795 402 1830 tum
428 1789 487 1830 sic
511 1788 674 1830 adfatur
696 1803 834 1843 regem
860 1797 981 1842 atque
1006 1790 1061 1830 ita
1085 1789 1270 1831 turbidus
1294 1791 1401 1831 infit:

318 1848 457 1899 „nulla
479 1863 594 1890 mora
616 1849 658 1889 in
683 1848 824 1890 Turno
833 1865 844 1898 3
869 1849 969 1890 nihil
993 1858 1072 1900 est,
1098 1851 1209 1903 quod
1233 1851 1341 1892 dicta
1364 1859 1580 1893 retractent

316 1909 456 1964 ignavi
479 1908 721 1958 Aeneadae,
745 1922 821 1949 nec
844 1922 948 1962 quae
971 1910 1164 1965 pepigere
1187 1918 1387 1952 recusent.

316 1969 568 2023 congredior.
593 1969 656 2009 fer
679 1982 812 2018 sacra,
836 1976 969 2022 pater,
995 1977 1035 2010 et
1059 1971 1227 2025 concipe
1252 1971 1409 2013 foedus.

316 2036 386 2070 aut
409 2029 486 2070 hac
507 2029 765 2070 Dardanium
789 2029 932 2069 dextra
956 2029 1032 2070 sub
1058 2030 1229 2071 Tartara
1252 2033 1420 2080 mittam,

318 2090 565 2131 desertorem
587 2088 734 2138 Asiae,
758 2114 813 2119 —-
838 2090 1004 2130 sedeant
1029 2097 1291 2144 spectentque
1315 2093 1454 2133 Latini
1479 2118 1532 2122 „-

318 2157 358 2192 et
382 2150 493 2192 solus
517 2150 624 2192 ferro
649 2150 801 2191 crimen
825 2164 1039 2191 commune
1063 2151 1264 2201 refellam3

251 2406 293 2437 20

253 2707 294 2737 25

317 2217 387 2252 aut
409 2211 559 2252 habeat
581 2211 729 2260 victos,
755 2211 873 2252 cedat
896 2211 1073 2252 Lavinia
1098 2213 1312 2253 coniunx.“

374 2270 461 2314 Olli
485 2272 625 2313 sedato
648 2272 859 2326 respondit
882 2272 1001 2313 corde
1026 2273 1220 2315 Latinus:

319 2347 369 2383 „0
393 2338 604 2387 praestans
629 2333 754 2374 animi
776 2333 953 2382 iuvenis,
978 2341 1175 2386 quantum
1197 2334 1285 2389 ipse
1308 2334 1434 2376 feroci

318 2393 464 2434 virtute
489 2407 728 2448 exsuperas,
755 2399 867 2435 tanto
891 2408 956 2435 me
980 2394 1190 2448 inpensius
1215 2409 1390 2449 aequum
1414 2402 1476 2436 est

317 2453 527 2495 consulere
552 2460 672 2507 atque
696 2454 828 2496 omnis
852 2461 1099 2496 metuentem
1124 2457 1352 2510 expendere
1376 2471 1508 2497 casus.

318 2521 411 2556 sunt
434 2514 507 2556 tibi
529 2529 657 2570 regna
679 2515 805 2570 patris
828 2516 986 2566 Dauni,
1012 2522 1106 2557 sunt
1129 2517 1279 2571 oppida
1302 2523 1420 2571 capta

317 2575 443 2616 multa
465 2590 606 2625 manu,
631 2590 707 2617 nec
729 2590 812 2617 non
835 2590 1059 2631 aurumque
1083 2577 1322 2631 animusque
1345 2576 1496 2618 Latino
1521 2589 1592 2617 est.

319 2640 413 2676 sunt
436 2635 538 2676 aliae
561 2635 755 2691 innuptae
777 2637 901 2679 Latio
926 2643 966 2678 et
987 2637 1265 2679 Laurentibus
1290 2638 1410 2686 arvis,

319 2708 393 2736 neo
415 2707 546 2747 genus
570 2696 792 2739 indecores.
819 2697 906 2739 sine
931 2712 995 2739 me
1019 2697 1120 2740 haec
1142 2698 1253 2739 haud
1275 2697 1413 2739 mollia
1436 2697 1524 2738 fatu
