1800 3106
541 279 800 318 AENEIDOS
823 279 920 315 LIB.
932 280 1037 316 vm.

105 392 312 438 cernatur3
338 386 544 442 trepidant
566 385 738 427 inmisso
763 384 918 426 lumine
942 398 1097 426 manes.

104 464 204 507 ergo
227 449 436 504 insperata
460 448 712 503 deprensum
733 447 778 488 in
799 447 892 488 luce
915 452 1082 502 repente

103 511 391 566 inclusumque
416 525 518 552 cavo
543 525 645 552 saxo
671 516 794 564 atque
817 509 981 551 insueta
1003 508 1218 550 rudentem

104 574 292 629 desuper⁸
304 572 478 615 Alcides
503 572 595 614 telis
619 572 787 628 premit,
813 572 1035 626 omniaque
1060 587 1176 613 arma

103 635 279 678 advocat
302 641 343 677 et
365 634 490 677 ramis
515 634 726 689 vastisque
750 633 976 676 molaribus
999 634 1138 675 instat.

102 697 171 740 ille
195 703 352 748 autem,
377 711 512 752 neque
536 697 646 739 enim
669 696 774 753 fuga
794 697 877 738 iam
904 711 1029 751 super
1052 696 1135 738 ulla
1159 696 1315 752 pericli,

104 759 296 802 faucibus
319 760 530 816 ingentem
555 759 736 809 fumum,
762 758 950 800 mirabile
974 758 1099 809 dictu,

104 822 259 865 evomit
279 822 534 876 involvitque
559 822 729 863 domum
754 821 932 877 caligine
957 835 1093 871 caeca,

103 890 368 940 prospectum
393 883 569 939 eripiens
595 883 748 932 oculis,
773 882 1059 939 glomeratque
1084 882 1163 925 sub
1188 890 1304 925 antro

103 946 341 988 fumiferam
363 952 529 987 noctem
553 944 787 986 commixtis
811 945 908 1001 igne
933 944 1127 987 tenebris.

102 1023 187 1050 non
210 1008 302 1049 tulit
324 1007 498 1049 Alcides
522 1007 689 1057 animis,
717 1021 844 1061 seque
867 1007 958 1062 ipse
981 1021 1057 1062 per
1078 1006 1220 1062 ignem

102 1070 315 1126 praecipiti
338 1070 434 1111 iecit
459 1069 584 1120 saltu,
610 1083 693 1123 qua
715 1068 919 1124 plurimus
945 1069 1100 1110 undam

102 1132 242 1174 fumus
267 1132 353 1188 agit
375 1130 608 1185 nebulaque
633 1131 780 1187 ingens
807 1145 956 1186 specus
981 1135 1144 1172 aestuat
1167 1136 1268 1172 atra.

101 1193 170 1236 hic
195 1192 355 1236 Cacum
377 1193 422 1235 in
444 1193 625 1235 tenebris
649 1192 840 1234 incendia
862 1208 971 1234 vana
994 1198 1232 1234 vomentem

104 1256 270 1311 corripit
291 1256 336 1296 in
358 1255 515 1298 nodum
539 1254 765 1310 conplexus
791 1261 830 1296 et
856 1255 971 1311 angit
993 1255 1212 1297 inhaerens

105 1317 228 1360 elisos
253 1317 394 1359 oculos
420 1323 461 1358 et
485 1317 641 1358 siccum
666 1317 869 1373 sanguine
892 1323 1048 1374 guttur.

103 1379 298 1435 panditur
320 1378 527 1434 extemplo
551 1378 710 1420 foribus
735 1380 884 1420 domus
908 1385 996 1420 atra
1018 1379 1206 1430 revolsis,

105 1440 418 1495 abstractaeque
442 1440 572 1482 boves
597 1439 891 1494 abiurataeque
914 1441 1083 1496 rapinae

105 1503 219 1546 caelo
244 1503 535 1553 ostenduntur,
560 1502 820 1558 pedibusque
843 1502 1019 1544 informe
1045 1503 1222 1544 cadaver

105 1565 368 1622 protrahitur.
394 1571 606 1619 nequeunt
630 1565 786 1620 expleri
810 1565 935 1607 corda
958 1565 1112 1607 tuendo

104 1627 295 1670 terribilis
321 1627 482 1677 oculos,
507 1627 666 1668 voltum
690 1626 920 1681 villosaque
947 1627 1072 1669 saetis

103 1696 271 1746 pectora
295 1689 477 1731 semiferi
501 1694 625 1743 atque
650 1689 876 1731 exstinctos
902 1689 1093 1731 faucibus
1118 1689 1242 1745 ignis.

105 1767 158 1794 ex
180 1752 250 1794 illo
276 1751 506 1794 celebratus
530 1748 691 1802 honos,
708 1751 887 1806 laetique
910 1752 1090 1794 minores

105 1828 322 1857 servavere
346 1814 474 1865 diem,
499 1814 742 1869 primusque
764 1813 944 1856 Potitius
971 1821 1114 1856 auctor

105 1882 146 1918 et
170 1876 318 1918 domus
342 1876 541 1918 Herculei
566 1882 706 1918 custos
730 1875 900 1918 Pinaria
925 1877 1043 1918 sacri.

104 1938 212 1980 hanc
236 1953 350 1980 aram
372 1938 467 1980 luco
492 1939 652 1989 statuit,
678 1952 784 1993 quae
806 1939 990 1980 maxima
1014 1954 1178 1995 semper

105 2001 263 2042 dicetur
285 2000 405 2043 nobis
430 2006 471 2042 et
495 2001 571 2042 erit
594 2015 699 2056 quae
723 2001 906 2043 maxima
930 2016 1105 2058 semper.

105 2076 231 2116 quare
256 2062 385 2118 agite,
412 2077 437 2105 o
459 2062 652 2113 iuvenes,
678 2068 884 2104 tantarum
908 2064 951 2104 in
974 2079 1145 2106 munere
1169 2063 1341 2105 laudum

106 2123 258 2180 cingite
280 2123 428 2166 fronde
453 2139 594 2167 comas
619 2131 660 2167 et
682 2125 834 2180 pocula
855 2126 1018 2182 porgite
1043 2126 1213 2176 dextris,

106 2199 448 2241 communemque
472 2193 618 2229 vocate
642 2187 767 2229 deum
791 2193 833 2229 et
855 2188 951 2230 date
975 2189 1073 2230 vina
1098 2189 1325 2230 volentes.“

106 2247 284 2298 dixerat,
307 2247 518 2290 Herculea
541 2249 699 2290 bicolor
722 2263 817 2290 cum
840 2250 1020 2304 populus
1045 2250 1194 2292 umbra

106 2308 340 2363 velavitque
365 2324 504 2352 comas
529 2310 721 2364 foliisque
744 2311 897 2352 innexa
918 2312 1128 2367 pependit,

108 2375 150 2410 et
173 2384 289 2411 sacer
310 2370 483 2426 inplevit
507 2371 694 2412 dextram
719 2371 915 2426 scyphus.
941 2373 1057 2415 ocius
1082 2387 1226 2414 omncs

107 2430 150 2472 in
174 2445 361 2473 mensam
384 2431 481 2473 laeti
505 2431 637 2473 libant
660 2432 862 2486 divosque
885 2440 1118 2488 precantur.

163 2492 343 2535 Devexo
366 2493 524 2535 interea
546 2493 714 2549 propior
737 2493 784 2534 fit
807 2508 956 2549 vesper
981 2493 1179 2550 Olympo,

107 2555 273 2609 iamque
298 2556 534 2598 sacerdotes
558 2556 800 2610 primusque
825 2555 1002 2598 Potitius
1027 2556 1143 2599 ibant

107 2616 285 2672 pellibus
310 2617 353 2659 in
377 2632 534 2660 morem
558 2617 698 2667 cincti,
725 2617 995 2672 flammasque
1019 2618 1219 2661 ferebant.

108 2679 338 2721 instaurant
362 2680 506 2736 epulas
531 2686 572 2722 et
595 2694 763 2722 mensae
786 2686 906 2736 grata
930 2682 1136 2724 secundae

85 2756 88 2759 ·
111 2740 218 2782 dona
241 2741 398 2794 ferunt,
425 2742 718 2796 cumulantque
743 2743 920 2786 oneratis
945 2744 1132 2787 lancibus
1158 2761 1262 2788 aras.

184 2818 334 2854 Verqilins.
1192 2820 1207 2854 1
1218 2820 1239 2855 6

1385 269 1460 311 241

1497 957 1563 988 255

1498 1268 1563 1299 260

1498 1579 1564 1609 265

1499 1889 1564 1919 2ΐο
