1734 3074
561 316 563 320 ·
624 282 836 310 PRAEFATIO
1347 277 1415 307 xv

121 385 151 428 §—
164 383 195 418 8.
220 381 299 417 Iam
312 380 414 427 quod
427 379 475 415 ad
489 378 609 425 ipsam
621 379 721 414 hanc
734 377 933 414 editionem
946 376 1092 422 attinet,
1109 375 1163 411 sic
1176 376 1416 411 statuendum

53 431 276 477 existimavi,
301 431 339 466 in
359 431 433 466 hoc
447 440 586 476 genere
601 429 808 465 editionum
825 428 874 464 ad
886 439 993 463 usum
1007 426 1198 462 studiosae
1210 426 1416 473 iuventutis

53 483 241 520 destinato
254 482 376 518 minus
390 481 660 516 discedendum
674 491 757 516 esse
771 491 794 515 a
807 480 962 526 vulgata
975 478 1178 525 scriptura,
1193 489 1306 525 quam
1317 477 1357 514 in
1369 477 1416 513 iis

53 545 149 582 quae
162 534 202 569 in
213 544 321 569 usum
335 533 531 567 doctorum
545 531 706 567 virorum
720 531 961 576 adparentur.
1001 530 1136 576 Itaque
1148 529 1308 576 primum
1320 529 1416 574 cavi,

52 596 99 621 ne
118 582 421 630 orthographicis
440 582 731 626 mutationibus,
759 581 929 628 quamvis
941 584 1045 617 recte
1065 591 1106 616 se
1123 580 1328 626 haberent,
1353 579 1418 615 im-

51 635 212 682 peritum
224 635 404 671 lectorem
417 633 624 678 turbarem,
651 633 893 679 quamobrem
906 643 977 668 nec
991 644 1013 667 a
1025 642 1094 678 pro
1108 633 1151 666 ah
1163 642 1233 667 nec
1250 631 1337 676 felix
1348 641 1417 677 pro

51 688 129 732 filix
142 685 286 731 scripsi.
332 684 550 730 Eademque
565 683 610 718 de
625 694 760 718 caussa
773 683 878 718 nolui
890 682 1058 728 recipere
1077 682 1377 718 terminationem
1388 683 1420 716 is

52 738 90 773 in
103 736 333 773 nominativo
346 734 503 780 pluralis
513 761 522 779 ‚
538 733 643 769 cuius
655 733 928 769 terminationis
941 734 1059 769 multo
1072 733 1183 779 plura
1197 733 1368 779 exempla
1380 733 1419 768 in

53 787 312 834 antiquissimo
326 785 512 822 Vaticano
527 788 566 819 et
577 783 750 820 Medieeo
769 784 1028 829 inveniuntur,
1055 795 1167 830 quam
1187 795 1284 831 quae
1303 784 1421 830 Wag-

52 849 165 874 nerus
179 836 335 882 collegit
348 838 386 871 et
396 834 664 870 Lachmannus
678 834 727 869 1.1.
738 845 774 879 p.
788 833 834 869 56
846 833 1113 880 Wagnerianis
1126 834 1286 870 addidit.
1326 834 1420 869 Rur-

53 900 134 933 sus,
159 898 273 934 quum
285 889 450 922 veterum
464 884 792 931 grammaticorum
809 884 1033 920 testimoniis
1048 888 1198 920 constet
1210 884 1421 931 Vergilium

52 938 218 974 variasse
231 937 271 972 in
283 935 608 972 terminationibus
622 935 829 971 accusativi
841 935 892 981 pl.
906 947 942 971 es
955 939 993 971 et
1004 937 1044 978 is,
1058 946 1183 981 neque
1191 935 1420 982 Wagnerus,

53 1000 149 1036 quae
169 989 279 1024 docte
301 987 519 1034 ceteroquin
539 990 578 1022 et
590 986 777 1022 subtiliter
788 986 827 1022 in
841 986 1154 1033 orthographicis
1174 987 1243 1022 sub
1256 987 1422 1022 Accusa-

51 1040 128 1076 tivo
142 1039 364 1085 disputavit,
388 1038 443 1073 ita
454 1037 545 1072 mihi
556 1037 792 1083 probaverit,
817 1041 858 1073 ut
875 1038 1017 1084 ubique
1035 1039 1066 1072 is
1085 1038 1325 1073 scribendum
1337 1049 1421 1074 esse

53 1090 318 1135 existimarem,
343 1088 514 1124 Iahnium
534 1092 660 1124 autem
675 1089 778 1135 quod
797 1099 975 1135 sequerer
993 1092 1211 1125 constanter
1228 1101 1263 1124 es
1279 1099 1423 1134 ponen-

53 1145 127 1177 tem
145 1140 251 1176 nulla
269 1151 404 1175 caussa
423 1143 541 1174 esset:
562 1138 773 1175 Mediceum
794 1144 974 1186 quantum
987 1140 1095 1185 potui
1110 1143 1261 1175 secutus
1279 1140 1392 1175 modo
1411 1141 1425 1174 i

53 1191 163 1226 modo
177 1203 196 1226 e
208 1190 351 1236 scripsi.
388 1189 499 1233 Quod
512 1189 628 1225 nolim
642 1189 697 1225 sic
710 1191 849 1236 accipi,
873 1194 1063 1237 tamquam
1077 1192 1268 1227 crederem
1280 1190 1422 1237 ubique

54 1242 108 1277 sic
121 1241 240 1287 ipsum
254 1244 408 1287 poetam
422 1240 636 1286 scripsisse3
662 1252 792 1276 verum
803 1241 913 1277 nefas
928 1241 1082 1277 ducenti
1093 1241 1310 1277 memoriam
1322 1241 1423 1276 hanc

53 1292 270 1328 variationis
290 1292 508 1327 oblitterare
528 1291 620 1338 quid
639 1291 743 1327 aliud
755 1292 952 1328 restabat?
987 1291 1045 1328 Ac
1062 1292 1139 1327 vidi
1163 1296 1299 1338 postea
1322 1292 1422 1327 idem

55 1343 192 1379 sentire
205 1342 395 1378 Handium
413 1343 463 1377 ad
481 1341 593 1377 Statii
611 1341 700 1378 Silv.
713 1343 744 1386 1,
756 1343 790 1388 2,
805 1343 884 1378 276.
932 1343 1031 1378 Tum
1049 1343 1350 1379 terminationem
1363 1356 1423 1379 eus

54 1405 123 1440 pro
136 1395 188 1429 ius
199 1392 333 1428 iniuria
341 1393 534 1439 expulsam
548 1393 776 1440 aliquotiens
789 1394 938 1429 restitui
946 1393 1077 1430 Servio
1092 1395 1360 1441 obtemperans
1374 1395 1424 1429 ad

54 1445 100 1481 A.
112 1445 143 1491 Ι,
157 1445 234 1487 177,
250 1445 355 1480 cuius
367 1444 462 1480 haec
477 1448 564 1480 sunt
575 1445 710 1481 verba:
734 1452 766 1481 et
784 1447 958 1481 sciendum
976 1452 1025 1481 est
1043 1447 1152 1481 iudice
1171 1447 1338 1492 euphonia
1357 1447 1427 1480 dici

57 1496 255 1531 Cerealia
279 1497 335 1530 vel
355 1495 565 1539 Cerialia,
591 1497 786 1542 Typhoea
811 1498 867 1532 vel
892 1498 1095 1543 Typhoia,
1128 1497 1426 1532 Caesareanas

56 1549 111 1582 vel
130 1547 437 1581 Caesarianus:
455 1548 492 1581 in
504 1548 554 1582 his
566 1559 649 1593 erqo
663 1548 800 1582 licentia
811 1549 1033 1585 derivationis
1047 1554 1108 1583 est.
1124 1547 1234 1593 ‘Nec,
1255 1547 1424 1594 quamvis

54 1597 95 1632 in
113 1596 270 1633 formam
288 1609 348 1632 eus
361 1596 560 1640 saevitum,
583 1598 796 1644 Peryameus
814 1602 928 1645 atque
942 1599 1132 1634 Hectoreus
1144 1602 1351 1644 potuerunt
1364 1609 1424 1633 ex·

55 1648 209 1694 pellere.
258 1646 400 1693 Scripsi
425 1648 606 1693 Cydonea,
634 1650 810 1694 Typhoea,
837 1650 1023 1695 Cyclopea.
1074 1649 1120 1685 Gr.
1145 1649 1212 1694 IV,
1233 1649 1299 1683 177
1323 1649 1425 1684 Med.

58 1698 174 1734 habet
193 1698 384 1744 Cecropeas
404 1699 433 1741 (i
443 1698 571 1734 littera
589 1710 704 1744 supra
722 1710 871 1735 versum
890 1700 1056 1744 addita),
1082 1699 1223 1734 ibidem
1241 1699 1309 1734 483
1320 1699 1425 1736 Vati-

59 1760 174 1784 canus
202 1749 348 1783 Ixionei.
414 1748 496 1785 Nec
531 1749 837 1795 reprehenderim
867 1750 1065 1785 Heinsium
1095 1761 1140 1785 ex
1170 1750 1290 1785 altero
1320 1751 1425 1786 Men-

57 1798 197 1834 teliano
223 1801 262 1833 et
285 1798 408 1834 Nonio
435 1798 481 1835 Gr.
504 1799 580 1843 111,
611 1799 655 1833 51
682 1805 821 1845 optuma
851 1800 1095 1845 scribentem,
1135 1801 1303 1846 quamvis
1328 1801 1423 1847 ipse,

58 1860 171 1895 quum
190 1848 384 1884 Medieeus
409 1856 523 1895 optma
546 1849 703 1895 habeat,
731 1852 858 1896 optima
875 1850 1110 1886 servaverim.
1158 1850 1234 1886 Sed
1254 1851 1292 1886 in
1312 1863 1425 1898 gene·

58 1899 134 1934 tivo
161 1898 391 1935 Graecorum
420 1900 611 1934 nominum
641 1900 792 1936 codices
819 1905 970 1936 secutus
995 1903 1090 1944 Teri,
1121 1901 1310 1944 Promethi‚
1345 1903 1424 1946 Oili,

57 1949 213 1990 Mnesthi‚
243 1949 377 1985 iisdem
400 1950 618 1985 auctoribus
641 1950 686 1986 G.
705 1951 771 1987 IV.
790 1951 849 1986 bis
870 1952 998 1998 Orphei
1008 1955 1048 1987 et
1069 1952 1109 1987 in
1126 1951 1296 1988 Aeneide
1315 1954 1429 1988 Nerei

57 1999 209 2046 reliqui,
247 2010 472 2046 quamquam
503 1999 654 2036 Servius
691 2001 830 2048 ubique
863 2005 1094 2038 contractam
1125 2002 1282 2038 formam
1318 2015 1426 2049 prae-

57 2048 141 2085 fert.
187 2049 245 2085 Ac
263 2050 424 2085 laetatus
445 2062 525 2085 sum
545 2052 646 2097 quod
659 2051 867 2097 Hauptium
885 2052 924 2088 in
945 2052 1094 2089 Catullo
1107 2053 1249 2099 LXIV,
1263 2054 1332 2089 278
1350 2055 1429 2089 Peli

58 2110 125 2145 pro
138 2100 236 2134 Pelei
246 2103 284 2135 et
294 2099 416 2146 LXV,
430 2100 475 2135 14
486 2103 568 2146 Ityli
578 2113 646 2147 pro
659 2104 766 2148 Itylei
777 2103 982 2139 secundum
994 2104 1112 2139 libros
1125 2116 1212 2139 mss,
1228 2104 1425 2150 scripsisse

58 2161 157 2185 nunc
170 2150 292 2186 video.
334 2150 433 2187 Cave
447 2155 571 2187 autem
590 2153 723 2188 credas
743 2153 781 2187 in
799 2153 883 2199 ipsa
902 2154 1116 2190 elocutione
1141 2166 1317 2200 magnum
1329 2155 1427 2190 inter

58 2202 121 2236 iet
132 2213 150 2235 e
163 2204 276 2247 atque
288 2202 303 2235 i
313 2204 351 2236 et
362 2203 394 2236 ei
403 2201 520 2238 fuisse
541 2203 759 2249 discrimen,
787 2204 967 2251 quocirca
984 2205 1105 2240 minus
1120 2206 1321 2251 curabant,
1348 2205 1426 2252 qui-

59 2250 131 2286 bus
138 2250 273 2286 litteris
286 2251 381 2286 haec
389 2253 505 2288 verba
519 2253 720 2289 scribendo
735 2254 1040 2300 exprimerentur.
1062 2255 1179 2291 Velut
1192 2258 1279 2290 eitur
1290 2257 1326 2291 in
1339 2257 1426 2290 anti-

61 2312 163 2348 quam
174 2303 297 2335 silvam
310 2303 464 2347 legebat
480 2303 519 2338 in
532 2304 576 2338 A.
587 2304 655 2349 VI,
669 2305 734 2340 179
748 2309 915 2351 tempore
927 2306 1160 2342 Diocletiani
1175 2307 1427 2342 Terentianus

62 2349 215 2384 Maurus
234 2362 270 2395 p.
288 2351 379 2386 2393
397 2356 436 2387 et
454 2353 588 2388 similia
605 2354 723 2390 habet
739 2355 962 2391 Vaticanus.
1010 2355 1079 2391 Cui
1097 2357 1200 2391 bono
1221 2360 1345 2391 autem
1364 2367 1428 2401 op-

62 2399 235 2435 timorum
248 2400 429 2436 librorum
437 2404 652 2438 memoriam
666 2406 949 2451 exstinguimus,
965 2417 1121 2452 quorum
1133 2407 1289 2441 lectioni
1301 2410 1430 2451 potest

62 2455 164 2487 certe
185 2452 342 2488 subesse
361 2453 459 2488 ratio
478 2454 630 2500 aliqua?
661 2458 871 2492 Anchisiada
887 2458 1005 2501 facilis
1024 2458 1064 2492 in
1084 2458 1233 2502 optimis
1252 2457 1359 2492 libris
1378 2457 1428 2493 le·

63 2501 165 2547 gitur
176 2501 221 2537 A.
235 2503 301 2547 VI,
317 2502 401 2548 1263
427 2515 472 2539 ex
485 2504 618 2540 iisdem
631 2517 665 2540 v.
679 2506 746 2541 348
758 2508 963 2542 Anchisiade
975 2520 1037 2542 nec
1052 2508 1217 2543 scribere
1231 2518 1310 2542 non
1323 2508 1429 2542 dubi-

63 2552 151 2588 tavi.
196 2551 322 2600 Atque
338 2555 498 2590 variavit
507 2555 700 2601 Vergilius
713 2567 789 2591 non
804 2558 924 2592 solum
937 2558 976 2593 in
989 2560 1129 2593 densere
1141 2561 1180 2594 et
1191 2560 1346 2600 densare,
1358 2560 1429 2603 fer-

63 2607 145 2638 υῖνε
154 2606 193 2639 et
202 2604 355 2650 fervere,
367 2605 508 2651 fulqere
521 2612 558 2641 et
569 2605 723 2652 sumere,
743 2619 869 2643 vacare
882 2612 920 2644 et
932 2620 1069 2652 vacere,
1084 2609 1115 2643 si
1128 2609 1341 2656 fragmento
1353 2608 1429 2644 Va-

64 2654 190 2690 ticano
208 2653 254 2689 A.
273 2655 343 2700 ΠΙ,
365 2656 431 2691 123
449 2656 543 2692 fides
567 2657 764 2703 habenda,
788 2670 961 2694 arcessere
980 2663 1019 2695 et
1036 2672 1210 2695 accersere
1224 2659 1429 2695 secundum

66 2703 288 2750 Mediceum,
312 2708 435 2742 laurus
454 2711 492 2743 et
505 2710 643 2750 lauros,
661 2710 770 2754 pinus
788 2713 827 2744 et
835 2711 953 2755 pinos,
976 2712 1050 2745 heia
1063 2722 1127 2756 aye
1145 2714 1183 2746 et
1201 2723 1243 2745 en
1255 2722 1335 2755 αρε,
1362 2709 1428 2744 scd

67 2754 178 2791 etiam
190 2756 288 2792 inter
300 2769 323 2792 a
334 2759 438 2804 stirpe
450 2762 488 2794 et
500 2760 543 2794 ab
555 2762 676 2806 stirpe,
696 2772 719 2795 a
730 2762 864 2796 sedibus
877 2765 915 2797 et
926 2762 970 2797 ab
980 2764 1073 2806 sede,
1097 2773 1292 2797 moerorum
1305 2763 1344 2796 et
1355 2772 1428 2795 mu-
