1780 3074
510 297 807 337 GEORGICON
826 298 923 334 LlB.
943 299 992 334 11.
1373 287 1426 329 47

68 409 234 450 victima
259 421 401 463 saepe,
427 413 498 447 tuo
522 404 680 460 perfusi
703 404 871 446 flumine
895 417 1026 452 sacro,

67 471 280 512 Romanos
305 470 358 511 ad
384 467 538 523 templa
561 467 686 508 deum
710 466 865 508 duxere
891 464 1132 520 triumphos

67 533 134 574 hic
158 547 231 573 ver
255 531 477 573 adsiduum
502 536 626 583 atque
651 528 794 570 alienis
819 527 1033 570 mensibus
1058 533 1193 569 aestas
1202 542 1213 576 ;

67 595 131 637 bis
157 594 354 650 gravidae
378 592 580 648 pecudes,
605 591 670 633 bis
695 591 830 646 pomis
857 590 966 632 utilis
992 589 1128 631 arbos.
1458 603 1521 635 150

66 663 109 698 at
131 656 300 698 rabidae
325 656 452 711 tigres
477 653 630 696 absunt
654 660 694 695 et
718 668 844 695 saeva
866 652 1035 694 leonum

67 718 244 768 semina,
270 732 346 759 nec
370 717 544 758 miseros
569 715 719 756 fallunt
741 714 903 756 aconita
925 714 1124 770 legenteS‚

67 795 146 821 nec
170 779 278 834 rapit
300 779 511 820 inmensos
536 776 657 818 orbes
682 791 757 831 per
779 776 973 826 humum,
998 790 1134 829 neque
1159 783 1272 817 tanto

69 855 290 894 squameus
314 840 357 881 in
382 839 536 894 spiram
561 844 694 880 tractu
718 852 764 879 se
788 838 946 894 colligit
969 838 1130 893 anguis.

67 904 172 944 adde
197 909 257 944 tot
280 901 469 958 egregias
493 900 618 942 urbes
643 914 897 955 operumque
921 899 1118 949 laborem,
1462 917 1522 946 155

67 971 127 1007 tot
150 970 349 1020 congesta
371 978 498 1005 manu
522 961 753 1018 praeruptis
779 961 932 1016 oppida
957 961 1083 1011 saxis,

66 1027 318 1081 fluminaque
342 1025 533 1079 antiquos
559 1023 884 1066 subterlabentia
906 1038 1061 1065 muros.

66 1104 120 1130 an
143 1103 275 1138 mare,
301 1087 413 1142 quod
438 1101 581 1141 supra,
607 1100 851 1136 memorem,
876 1086 1072 1140 quodque
1097 1086 1228 1128 adluit
1250 1086 1383 1128 infra?

67 1165 172 1192 anne
195 1150 310 1191 lacus
336 1149 498 1191 tantos?
522 1155 580 1199 te,
606 1148 710 1189 Lari
732 1148 932 1198 maxime,
958 1148 1081 1202 'teque

67 1212 261 1254 fluctibus
287 1218 328 1254 et
351 1211 520 1253 fremitu
544 1211 794 1267 adsurgens,
819 1210 1007 1260 Benace,
1033 1211 1218 1252 marino?
1461 1228 1524 1258 160

70 1291 123 1316 an
146 1289 372 1316 memorem
394 1280 539 1330 portus
563 1273 834 1327 Lucrinoque
858 1273 1000 1314 addita
1024 1273 1207 1316 claustra

66 1344 189 1391 atque
213 1337 475 1393 indignatum
498 1335 661 1392 magnis
687 1335 931 1378 stridoribus
957 1350 1124 1390 aequor,

66 1400 174 1442 Iulia
197 1414 281 1455 qua
302 1405 431 1455 ponto
454 1398 578 1455 longe
603 1404 723 1441 sonat
744 1398 859 1440 unda
880 1398 1022 1440 refuso

67 1462 390 1517 Tyrrhenusque
414 1460 531 1502 fretis
555 1460 774 1502 inmittitur
797 1466 938 1502 aestus
962 1459 1171 1503 Avernis?

65 1526 168 1567 haec
192 1525 339 1567 eadem
363 1524 524 1581 argenti
546 1523 658 1565 rivos
683 1524 872 1578 aerisque
897 1523 1065 1566 metalla
1102 1549 1106 1554 -
1462 1539 1524 1569 165

49 1588 246 1630 ‘ostendit
270 1587 404 1638 venis,
430 1593 554 1641 atque
578 1601 678 1628 auro
701 1586 880 1642 plurima
902 1586 1034 1628 fluxit.

67 1650 168 1692 haec
191 1664 325 1706 genus
350 1664 444 1691 acre
467 1649 622 1699 virum,
647 1648 835 1699 Marsos,
860 1648 1099 1704 pubemque
1125 1647 1337 1692 Sabellam

67 1714 368 1766 adsuetumque
392 1711 502 1753 malo
528 1712 732 1767 Ligurem
756 1711 1019 1765 Volscosque
1042 1718 1209 1753 verutos

66 1774 230 1824 extulit,
255 1774 359 1816 haec
382 1774 560 1824 Decios,
586 1773 745 1815 Marios
770 1788 1029 1830 magnosque
1055 1773 1270 1824 Camillos,

68 1835 287 1892 Scipiadas
312 1836 439 1878 duros
463 1835 573 1878 bello
598 1842 639 1878 et
663 1842 722 1887 te,
747 1836 927 1878 maxime
954 1835 1124 1887 Caesar,
1461 1851 1524 1880 170

65 1898 137 1952 qui
160 1913 271 1940 nunc
296 1898 490 1940 extremis
514 1897 646 1940 Asiae
668 1899 753 1940 iam
777 1899 908 1940 victor
930 1898 974 1940 in
998 1899 1080 1941 oris

66 1959 258 2002 inbellem
282 1961 433 2002 avertis
458 1960 659 2002 Romanis
684 1961 848 2003 arcibus
872 1960 1039 2002 Indum.

66 2022 197 2072 salve,
223 2037 376 2078 magna
398 2037 548 2078 parens
573 2022 762 2079 frugum,
791 2021 988 2066 Saturnia
1010 2023 1146 2074 tellus,

67 2100 217 2141 magna
240 2085 392 2136 virum3
418 2084 493 2127 tibi
515 2100 582 2127 res
607 2086 800 2140 antiquae
824 2086 958 2128 laudis
983 2092 1025 2128 et
1048 2087 1147 2128 artis

64 2146 291 2203 ingredior,
319 2154 483 2190 sanctos
510 2163 637 2190 ausus
661 2148 874 2191 recludere
898 2149 1048 2200 fontes,
1460 2163 1522 2192 175

63 2207 379 2263 Ascraeumque
405 2224 508 2252 cano
532 2210 725 2253 Romana
749 2226 824 2267 per
846 2211 1000 2267 oppida
1023 2226 1202 2253 carmen.

119 2269 242 2312 Nunc
263 2270 380 2313 locus
405 2287 598 2314 arvorum
621 2273 819 2329 ingeniis:
844 2287 951 2328 quae
974 2273 1124 2315 robora
1148 2275 1310 2328 cuique,

64 2331 157 2386 quis
183 2331 295 2373 color
318 2339 359 2374 et
382 2348 489 2387 quae
513 2334 567 2376 sit
588 2334 713 2377 rebus
738 2341 886 2377 natura
909 2335 1105 2378 ferendis.

65 2394 256 2436 difficiles
280 2395 460 2449 primum
484 2402 616 2438 terrae
641 2397 849 2451 collesque
874 2398 1058 2454 maligni,

65 2457 201 2498 tenuis
225 2456 298 2498 ubi
321 2457 468 2513 argilla
491 2465 532 2500 et
555 2459 742 2501 dumosis
767 2459 950 2501 calculus
976 2461 1099 2510 arvis,
1457 2471 1522 2503 180

64 2517 254 2560 Palladia
277 2519 462 2575 gaudent
486 2520 591 2562 silva
613 2520 770 2563 vivacis
794 2521 940 2563 olivae.

65 2580 216 2622 iudicio
240 2587 303 2623 est
327 2587 460 2623 tractu
485 2597 660 2639 surgens
686 2582 863 2625 oleaster
886 2583 1034 2625 eodem

65 2641 265 2696 plurimus
290 2649 331 2684 et
355 2644 471 2685 strati
495 2643 609 2686 bacis
635 2644 893 2687 silvestribus
918 2646 1020 2701 agri.

66 2709 108 2744 at
131 2718 237 2758 quae
260 2705 428 2761 pinguis
452 2706 604 2749 humus
630 2707 822 2761 dulcique
847 2707 1002 2764 uligine
1026 2707 1147 2758 laeta,

66 2765 217 2820 quique
241 2767 436 2822 frequens
461 2768 599 2811 herbis
625 2775 665 2811 ct
689 2769 834 2812 fertilis
858 2770 984 2812 ubere
1009 2786 1199 2826 campuS‚
1226 2797 1279 2802 —
1455 2785 1517 2816 185
