1794 3048
358 291 438 333 158
756 298 797 332 Ρ.
817 296 1046 334 VERGILII
1064 295 1287 333 MARONIS

353 401 496 443 urbem
520 399 740 441 Troianam
761 398 939 453 primum
962 397 1174 450 dulcisque
1198 412 1380 439 meorum

351 461 542 516 reliquias
567 460 759 508 colerem,
783 458 938 499 Priami
962 464 1068 500 tecta
1092 459 1174 500 alta
1197 469 1417 509 manerent,

353 529 393 564 et
413 521 593 563 recidiva
615 535 741 561 manu
762 519 994 574 posuissem
1016 519 1222 575 Pergama
1244 520 1374 561 victis.

265 597 328 627 345
354 583 427 624 sed
449 597 557 623 nunc
580 581 742 623 Italiam
765 595 958 636 magnam
983 578 1173 635 Gryneus
1198 580 1362 636 Apollo,

352 644 373 684 Ι
377 644 515 685 taliam
538 643 695 698 Lyciae
718 642 875 683 iussere
898 655 1112 697 capessere
1137 648 1286 693 sortes3

351 705 418 745 hic
442 719 572 754 amor,
597 703 699 745 haec
722 703 853 758 patria
876 708 950 744 est.
975 703 1010 744 si
1033 708 1072 744 te
1096 703 1366 759 Karthaginis
1392 718 1518 753 arces,

352 765 643 815 Phoenissam,
667 765 933 820 Libycaeque
957 770 1145 819 aspectus
1170 765 1323 807 detinet
1344 765 1469 815 urbis,

353 842 458 881 quae
482 826 647 868 tandem
669 825 857 868 Ausonia
880 825 1062 867 Teucros
1087 826 1296 868 considere
1321 832 1428 868 terra

266 901 330 932 350
353 888 506 929 invidia
530 887 616 929 est?
639 893 680 928 et
701 902 777 929 nos
802 887 865 928 fas
891 893 1030 928 extera
1052 902 1245 941 quaerere
1268 902 1407 943 regna.

353 963 419 990 me
441 949 568 1004 patris
592 947 821 998 Anchisae,
847 949 1035 1002 quotiens
1059 948 1320 991 humentibus
1345 948 1499 990 umbris

353 1025 436 1051 nox
461 1010 590 1065 operit
612 1015 760 1059 terras,
785 1010 972 1064 quotiens
997 1015 1107 1051 astra
1130 1010 1251 1065 ignea
1275 1015 1459 1066 surgunt,

355 1071 546 1113 admonet
568 1071 612 1112 in
635 1071 788 1112 somnis
813 1077 853 1112 et
876 1072 1038 1113 turbida
1060 1077 1182 1112 terret
1205 1072 1361 1126 imago;

355 1147 422 1174 me
444 1147 546 1188 puer
567 1131 775 1174 Ascanius
801 1133 1026 1187 capitisque
1049 1133 1196 1174 iniuria
1220 1133 1314 1182 cari,

268 1207 331 1238 355
356 1208 478 1248 quem
501 1208 627 1249 regno
650 1193 879 1248 Hesperiae
902 1194 1047 1236 fraudo
1073 1200 1112 1236 et
1134 1194 1327 1236 fatalibus
1352 1194 1471 1235 arvis.

354 1269 464 1296 nunc
488 1255 610 1296 etiam
632 1255 830 1309 interpres
854 1255 1011 1304 divom,
1036 1255 1136 1296 Iove
1159 1255 1310 1296 missus
1335 1254 1386 1296 ab
1410 1255 1500 1309 ipso
1524 1279 1577 1283 --

356 1322 482 1358 testor
504 1322 720 1370 utrumque
745 1321 867 1370 caput
890 1340 944 1345 —-
968 1315 1109 1357 celeris
1133 1315 1326 1357 mandata
1347 1330 1420 1369 per
1443 1330 1562 1356 auras

357 1377 517 1427 detulit3
542 1377 630 1432 ipse
654 1377 777 1418 deum
799 1375 1018 1417 manifesto
1042 1376 1086 1417 in
1106 1376 1260 1417 lumine
1283 1376 1368 1416 vidi

356 1438 573 1479 intrantem
596 1452 753 1487 muros,
778 1451 1003 1491 vocemque
1026 1436 1090 1478 his
1115 1437 1282 1479 auribus
1307 1436 1438 1477 hausi.

269 1512 334 1543 360
358 1498 499 1540 desine
522 1513 669 1552 meque
693 1498 773 1540 tuis
797 1498 1013 1539 incendere
1037 1503 1157 1552 teque
1181 1497 1389 1552 querellis3

358 1560 519 1601 Italiam
543 1575 626 1601 non
650 1565 794 1614 sponte
819 1561 1005 1612 sequor.“

414 1620 531 1662 Talia
555 1621 758 1662 dicentem
781 1620 1019 1661 iamdudum
1043 1634 1187 1661 aversa
1210 1625 1357 1669 tuetur,

356 1682 438 1723 huc
461 1682 557 1723 illuc
580 1682 749 1724 volvens
774 1682 932 1732 oculos,
958 1687 1168 1736 totumque
1190 1678 1365 1736 pererrat

358 1742 579 1785 luminibus
603 1743 736 1785 tacitis
762 1748 802 1784 et
826 1743 885 1784 sic
908 1757 1081 1784 accensa
1102 1743 1305 1798 profatur:

270 1816 334 1847 365
361 1817 462 1854 „nec
484 1803 559 1845 tibi
582 1803 677 1845 diva
699 1818 865 1859 parens,
890 1804 1051 1859 generis
1075 1818 1150 1845 nec
1173 1804 1395 1845 Dardanus
1423 1809 1574 1853 auctor,

357 1864 529 1919 perfide,
556 1865 629 1905 sed
652 1865 764 1906 duris
788 1865 931 1920 genuit
954 1870 993 1906 te
1019 1865 1205 1906 cautibus
1229 1865 1397 1906 horrens

360 1923 592 1974 Caucasus,
617 1924 920 1979 Hyrcanaeque
944 1925 1159 1966 admorunt
1183 1924 1309 1966 ubera
1331 1925 1469 1980 tigres.

358 2000 454 2027 nam
477 1986 576 2039 quid
599 1985 837 2027 dissimulo?
859 1991 930 2026 aut
953 2000 1057 2039 quae
1080 2000 1146 2027 me
1171 1986 1223 2027 ad
1245 1986 1399 2027 maiora
1421 1986 1609 2027 reservo?

358 2061 457 2087 num
480 2046 579 2087 fletu
599 2045 800 2102 ingemuit
822 2046 987 2087 nostro?
1008 2061 1107 2087 num
1130 2046 1285 2088 lumina
1306 2046 1442 2087 flexit?

270 2121 335 2152 370
358 2122 458 2148 num
479 2107 668 2148 lacrimas
691 2107 825 2148 victus
849 2107 961 2148 dedit
984 2112 1055 2148 aut
1077 2107 1293 2149 miseratus
1317 2113 1522 2148 amantem
1545 2107 1631 2148 est?

358 2182 463 2223 quae
487 2167 635 2222 quibus
659 2167 908 2209 anteferam?
930 2168 1014 2208 iam
1036 2168 1117 2208 iam
1141 2182 1216 2209 nec
1239 2168 1419 2209 maxima
1440 2163 1557 2217 Iuno,

358 2244 435 2271 nec
460 2227 676 2272 Saturnius
699 2229 801 2270 haec
824 2228 952 2270 oculis
975 2234 1091 2284 pater
1114 2229 1260 2284 aspicit
1283 2229 1436 2283 aequis.

357 2305 561 2345 nusquam
584 2296 671 2332 tuta
693 2290 809 2331 fides.
835 2290 1009 2331 eiectum
1030 2290 1164 2340 litore,
1191 2295 1378 2346 egentem

359 2352 503 2407 excepi
526 2358 566 2394 et
587 2351 704 2408 regni
727 2352 895 2393 demens
919 2351 963 2392 in
984 2357 1099 2406 parte
1122 2351 1273 2401 locavi3

271 2427 335 2458 375
359 2413 554 2455 amissam
578 2413 770 2463 classem,
798 2412 929 2454 socios
954 2427 979 2453 a
1001 2418 1130 2454 morte
1153 2412 1310 2453 reduxi.

359 2474 441 2516 heu
463 2474 579 2516 furiis
603 2475 772 2516 incensa
795 2472 921 2516 ferorl
946 2487 1055 2514 nunc
1079 2488 1211 2529 augur
1233 2471 1397 2527 Apollo,

360 2551 469 2577 nunc
491 2536 649 2591 Lyciae
673 2541 820 2586 sortes,
844 2549 954 2576 nunc
978 2540 1018 2575 et
1040 2534 1140 2576 Iove
1164 2534 1314 2575 missus
1338 2532 1389 2574 ab
1413 2532 1503 2586 ipso

360 2597 557 2652 interpres
581 2597 720 2638 divom
742 2596 822 2638 fert
843 2596 1007 2638 horrida
1029 2595 1143 2637 iussa
1163 2609 1237 2650 per
1260 2608 1391 2636 auras.

363 2658 516 2699 scilicet
538 2658 572 2699 is
598 2657 755 2713 superis
778 2657 895 2699 labor
918 2662 998 2706 est,
1024 2671 1073 2698 ea
1097 2670 1194 2697 cura
1217 2655 1373 2708 quietos

276 2730 340 2762 380
364 2718 562 2760 sollicitat.
588 2733 719 2773 neque
744 2725 783 2760 te
807 2724 944 2767 teneo,
969 2731 1100 2770 neque
1124 2716 1232 2757 dicta
1252 2714 1394 2756 refello
1402 2730 1414 2765 ;
