1780 3074
575 272 832 310 AENEIDOS
849 272 945 309 Lffl.
966 273 1031 310 Vl.

122 379 275 436 eripuit
298 379 439 428 nobis,
465 377 687 432 medioque
713 377 792 419 sub
817 392 999 432 aequore
1023 378 1191 420 mersit?

123 442 191 484 dic
215 456 308 497 age.
345 454 528 495 namque
553 439 676 490 mihi,
701 439 832 481 fallax
856 440 971 481 haud
995 448 1092 482 ante
1115 448 1321 497 repertus,

123 506 202 547 hoc
225 519 310 547 uno
334 517 533 560 responso
559 503 746 544 animum
770 503 924 544 delusit
949 503 1119 559 Apollo,

123 567 197 621 qui
221 567 311 608 fore
336 574 377 608 te
401 573 530 621 ponto
553 565 808 607 incolumem
831 565 1012 619 finisque
1037 566 1218 608 canebat

122 636 348 670 venturum
372 627 599 669 Ausonios.
637 642 690 669 en
715 627 820 670 haec
843 628 1050 683 promissa
1073 628 1178 671 fides
1203 630 1325 672 est?“

124 691 192 732 ille
217 698 377 732 autem:
403 704 573 744 „neque
598 697 638 731 te
662 689 828 731 Phoebi
853 690 1015 731 cortina
1038 690 1201 741 fefellit,

126 754 212 794 dux
237 751 516 802 Anchisiade,
541 766 620 794 nec
642 766 710 794 me
735 752 841 793 deus
865 766 1048 806 aequore
1072 753 1228 795 mersit.

122 830 306 870 namque
329 813 635 871 gubernaclum
658 814 792 855 multa
814 814 857 855 vi
881 813 992 856 forte
1018 816 1244 865 revolsum,

123 877 191 918 cui
215 878 337 919 datus
361 875 588 918 haerebam
613 882 754 917 custos
779 891 1012 930 cursusque
1036 877 1252 932 regebam,

123 939 403 995 praecipitans
428 939 535 980 traxi
559 952 737 980 mecum.
773 938 908 981 maria
930 946 1081 994 aspera
1104 940 1197 981 iuro

122 1016 207 1043 non
231 1002 348 1043 illum
374 1016 449 1057 pro
473 1016 541 1043 me
566 1008 730 1042 tantum
754 1001 915 1056 cepisse
940 1001 1146 1052 timorem,

123 1079 253 1118 quam
276 1071 348 1106 tua
372 1079 425 1106 ne
450 1063 629 1119 spoliata
653 1063 800 1113 armis,
825 1078 1005 1106 excussa
1029 1064 1244 1120 magistro,

123 1127 320 1169 deficeret
343 1127 469 1168 tantis
493 1126 613 1167 navis
638 1126 909 1182 surgentibus
933 1127 1072 1168 undis.

126 1189 199 1231 tris
224 1198 347 1232 notus
370 1189 567 1231 hibernas
590 1189 782 1231 inmensa
805 1204 882 1245 per
906 1204 1092 1244 aequora
1115 1198 1261 1232 noctes

126 1252 240 1293 vexit
264 1267 332 1294 me
355 1252 564 1293 violentus
589 1265 718 1306 aqua3
743 1252 816 1293 vix
839 1252 998 1294 lumine
1022 1261 1172 1307 quarto

126 1314 323 1369 prospexi
348 1313 514 1354 Italiam
539 1328 704 1354 summa
728 1314 918 1356 sublimis
944 1315 999 1356 ab
1024 1315 1151 1357 unda.

128 1376 345 1431 paullatim
369 1375 579 1416 adnabam
603 1383 761 1425 terrae;
786 1376 870 1417 iam
896 1384 987 1419 tuta
1010 1378 1219 1427 tenebam,

128 1437 172 1478 ni
195 1451 299 1493 gens
323 1436 504 1479 crudelis
528 1436 699 1478 madida
722 1451 819 1478 cum
843 1445 959 1480 veste
982 1447 1206 1494 gravatum

129 1507 478 1555 prensantemque
503 1498 622 1540 uncis
646 1498 842 1541 manibus
867 1499 1007 1555 capita
1031 1516 1181 1556 aspera
1204 1503 1357 1544 montis

128 1562 238 1603 ferro
262 1561 484 1603 invasisset
507 1561 791 1616 praedamque
815 1562 964 1618 ignara
987 1571 1189 1618 putasset.

128 1638 243 1666 nunc
265 1639 334 1666 me
357 1623 509 1666 fluetus
534 1623 662 1666 habet
687 1632 941 1679 versantque
964 1625 1009 1667 in
1031 1626 1151 1668 litore
1176 1626 1301 1669 venti,

128 1686 243 1740 quod
266 1692 307 1728 te
330 1699 407 1741 per
429 1685 533 1727 caeli
557 1685 791 1727 iucundum
814 1686 958 1729 lumen
984 1695 1026 1729 et
1050 1703 1189 1738 auras,

128 1762 205 1802 per
226 1747 459 1803 genitorem
484 1762 578 1797 or0,
601 1762 677 1803 per
700 1763 797 1804 spes
821 1750 1034 1805 surgentis
1062 1750 1156 1799 Iuli,

129 1809 243 1865 eripe
267 1824 335 1852 me
359 1809 444 1860 his,
468 1809 642 1859 invicte,
666 1811 808 1853 malis:
833 1819 906 1853 aut
931 1819 976 1853 tu
1002 1812 1103 1853 mihi
1127 1820 1281 1854 terram

129 1872 257 1922 inice,
281 1886 463 1926 namque
486 1879 624 1927 potes,
650 1880 881 1928 portusque
905 1874 1072 1929 require
1096 1875 1292 1925 Velinos;

128 1942 201 1976 aut
225 1941 291 1984 tu,
315 1934 350 1975 si
374 1948 459 1988 qua
482 1934 552 1975 via
574 1941 656 1985 est,
680 1935 717 1976 si
740 1950 869 1990 quam
892 1935 969 1978 tibi
993 1936 1090 1978 diva
1114 1937 1293 1979 creatrix

129 1996 311 2038 ostendit
332 2020 390 2026 —-
411 2010 549 2050 neque
573 1997 705 2048 enim,
730 1998 869 2048 credo,
894 1998 985 2040 sine
1009 1999 1181 2041 numine
1205 1999 1347 2042 divom

130 2058 303 2100 flumina
326 2066 442 2100 tanta
466 2073 590 2114 paras
615 2056 897 2115 Stygiamque
920 2061 1066 2104 innare
1090 2061 1291 2117 paludem
1315 2087 1372 2092 —

129 2121 184 2162 da
207 2120 397 2162 dextram
421 2120 574 2162 misero
598 2128 640 2163 et
663 2129 804 2163 tecum
831 2138 900 2164 me
926 2123 1024 2165 tolle
1048 2139 1124 2178 per
1147 2124 1296 2174 undas,

130 2182 300 2223 sedibus
326 2188 374 2223 ut
396 2182 543 2223 saltem
567 2183 743 2236 placidis
767 2184 811 2224 in
834 2191 968 2226 morte
993 2185 1250 2238 quiesca1n.“

132 2243 232 2284 talia
255 2243 367 2284 fatus
391 2250 498 2292 erat,
523 2244 661 2299 coepit
684 2259 780 2286 cum
805 2246 906 2287 talia
928 2254 1065 2288 vates:

133 2304 279 2354 „unde
303 2303 428 2353 haec,
452 2318 478 2345 o
501 2304 722 2355 Palinure,
747 2306 824 2347 tibi
848 2314 935 2348 tam
960 2308 1051 2349 (lira
1074 2308 1255 2363 cupido?

133 2376 178 2407 tu
204 2364 376 2420 Stygias
400 2364 642 2407 inhumatus
666 2380 797 2420 aquas
821 2382 1077 2422 amnemque
1101 2385 1294 2411 severum

138 2427 420 2469 Eumenidum
444 2427 639 2482 aspicies,
664 2428 850 2483 ripamve
875 2431 1058 2472 iniussus
1084 2432 1248 2473 adibis?

134 2491 278 2533 desine
301 2489 389 2532 fata
412 2490 539 2531 deum
563 2490 673 2531 flecti
696 2505 866 2546 sperare
890 2493 1114 2547 precando.

134 2553 208 2595 sed
232 2567 335 2608 cape
359 2551 471 2593 dicta
493 2565 673 2601 memor,
697 2551 791 2593 duri
814 2553 963 2595 solatia
986 2568 1122 2596 casus.

134 2630 231 2656 nam
255 2622 328 2656 tua
350 2613 535 2663 finitimi,
559 2614 685 2669 longe
709 2614 876 2669 lateque
901 2631 977 2670 per
1000 2617 1127 2658 urbes

135 2676 336 2732 prodigiis
361 2675 444 2717 acti
468 2675 737 2724 caelestibus,
761 2690 857 2718 ossa
880 2677 1072 2732 piabunt,

134 2744 175 2780 et
200 2745 383 2780 statuent
407 2738 615 2779 tumulum
640 2745 680 2779 ct
706 2739 867 2780 tumulo
892 2739 1109 2781 sollemnia
1134 2740 1311 2789 mittent,

1398 265 1480 307 199

1508 579 1574 610 345

1506 892 1573 923 350

1510 1203 1574 1233 355

1508 1516 1575 1546 360

1510 1826 1575 1857 365

1511 2137 1577 2166 370

1512 2444 1577 2475 375

1514 2756 1579 2786 380
