1800 3106
585 282 844 320 AENEIDOS
862 282 960 318 LIB.
979 283 1067 318 ΧΠ.

142 393 221 434 hoc
244 390 410 441 Venus,
436 389 614 432 obscuro
638 388 790 430 faciem
814 387 1068 430 circumdata
1090 386 1246 437 nimbo,

141 453 306 504 detulit,
331 452 411 495 hoc
434 452 579 494 fusum
600 450 728 493 labris
754 448 1068 507 splendentibus
1094 464 1260 491 amnem

140 516 288 566 inficit,
314 515 475 557 occulte
500 513 731 563 medicans,
758 513 999 570 spargitque
1024 512 1202 555 salubris

141 577 374 620 ambrosiae
400 591 522 619 sucos
548 582 589 618 et
613 575 863 619 odoriferam
885 589 1126 631 panaceam.

141 639 248 682 fovit
271 654 321 682 ea
344 639 494 682 volnus
518 637 691 695 lympha
714 637 943 694 longaevus
967 637 1082 693 Iapis

140 702 357 758 ignorans,
384 701 606 755 subitoque
629 700 764 744 omnis
789 700 842 742 de
866 714 1037 755 corpore
1062 699 1170 756 fugit

141 764 295 820 quippe
319 764 454 814 dolor,
480 763 614 806 omnis
640 763 753 805 stetit
774 762 859 805 imo
883 762 1051 804 volnere
1076 762 1260 819 sanguis.

140 828 307 881 iamque
332 832 475 869 secuta
498 840 667 868 manum
691 825 805 867 nullo
830 831 1004 881 cogente
1030 825 1182 882 sagitta

142 889 313 939 excidit,
340 895 463 943 atque
487 903 622 930 novae
644 888 804 930 rediere
828 888 871 929 in
894 887 1070 943 pristina
1093 888 1215 930 vires.

144 967 286 1003 „arma
309 951 379 993 citi
403 957 621 1007 properate
646 950 753 992 viro!
779 951 879 1005 quid
904 951 1079 992 statis?“
1105 951 1220 1006 Iapis

142 1012 389 1063 conclamat,
417 1013 657 1068 primusque
683 1013 844 1054 animos
871 1012 1059 1054 accendit
1082 1013 1127 1054 in
1150 1013 1329 1054 hostem.

144 1090 254 1126 „non
278 1074 381 1116 haec
405 1074 597 1116 humanis
623 1074 792 1130 opibus,
818 1089 902 1116 non
926 1079 1013 1116 arte
1038 1074 1240 1131 magistra

140 1137 405 1192 proveniunt,
432 1151 567 1191 neque
591 1142 651 1187 te,
677 1135 842 1186 Aenea,
868 1151 962 1178 mea
987 1136 1158 1178 dextera
1182 1142 1319 1178 servat
1328 1152 1340 1186 ;

142 1201 274 1243 maior
298 1200 385 1256 agit
409 1200 512 1242 deus
538 1207 661 1255 atque
686 1215 813 1255 opera
836 1200 890 1241 ad
913 1200 1071 1242 maiora
1092 1200 1304 1242 remittit.“

140 1263 209 1305 ille
235 1263 381 1304 avidus
406 1277 572 1319 pugnae
599 1278 717 1304 suras
742 1262 966 1311 incluserat
990 1278 1091 1305 auro

142 1324 238 1366 hinc
263 1332 385 1378 atque
411 1325 526 1374 hinc,
553 1325 721 1378 oditque
745 1339 903 1374 moras,
929 1325 1175 1380 hastamque
1201 1331 1403 1368 coruscat.

141 1393 365 1443 postquam
389 1386 539 1429 habilis
563 1387 680 1429 lateri
706 1387 863 1442 clipeus
887 1387 1097 1442 loricaque
1122 1395 1240 1445 tergo
1266 1395 1341 1439 est,

141 1449 375 1491 Ascanium
398 1448 505 1491 fusis
531 1448 687 1491 circum
712 1449 986 1505 conplectitur
1009 1450 1149 1500 armis,

143 1525 388 1566 summaque
411 1525 487 1566 per
509 1510 674 1567 galeam
698 1511 887 1553 delibans
913 1512 1058 1554 oscula
1082 1512 1211 1554 fatur:

145 1572 304 1625 „disce,
328 1588 450 1629 puer,
476 1573 671 1615 virtutem
696 1588 749 1615 ex
773 1588 839 1615 me
863 1588 1091 1628 verumque
1115 1574 1313 1625 laborem,

142 1635 355 1677 fortunam
379 1650 432 1677 ex
456 1635 561 1677 aliis.
587 1650 698 1677 nunc
722 1641 763 1678 te
786 1650 881 1678 mea
904 1636 1075 1678 dextera
1099 1636 1207 1678 bello

143 1697 363 1740 defensum
387 1697 503 1740 dabit
528 1704 568 1740 et
592 1713 746 1754 magna
770 1698 877 1740 inter
899 1698 1086 1754 praemia
1110 1699 1246 1740 ducet.

143 1768 191 1802 tu
214 1759 360 1811 facito,
386 1775 485 1802 mox
509 1775 605 1802 cum
629 1766 792 1803 matura
810 1761 1042 1803 >adoleverit
1065 1768 1194 1812 aetas,

145 1823 203 1865 sis
227 1837 387 1865 memor
411 1829 452 1865 et
476 1829 517 1865 te
541 1823 680 1866 animo
704 1829 958 1880 repetentem
984 1825 1176 1880 exempla
1200 1830 1364 1866 tuorum

145 1892 186 1927 et
208 1890 327 1940 pater
348 1884 519 1927 Aeneas
544 1891 586 1928 et
608 1886 839 1928 avunculus
865 1887 1019 1929 excitet
1041 1887 1244 1930 Hector.“

201 1947 323 1989 Haec
346 1947 420 1990 ubi
444 1948 554 1991 dicta
579 1949 711 2000 dedit,
736 1949 867 2005 portis
893 1965 986 1992 sese
1012 1950 1158 1992 extulit
1181 1950 1342 2006 ingens,

144 2009 272 2052 telum
295 2010 462 2053 inmane
486 2026 614 2053 manu
637 2012 828 2066 quatiens
835 2029 847 2064 3
873 2012 997 2054 simul
1021 2013 1187 2069 agmine
1212 2013 1343 2054 denso

143 2071 421 2128 Antheusque
443 2072 777 2129 Mnestheusque
799 2081 943 2125 ruunt,
970 2075 1188 2130 omnisque
1211 2074 1365 2117 relictis

144 2134 265 2177 turba
287 2135 378 2177 fluit
401 2136 560 2178 castris.
586 2142 675 2178 tum
700 2151 823 2179 caeco
847 2137 1018 2193 pulvere
1044 2151 1216 2192 campus

145 2196 360 2247 miscetur,
384 2196 592 2252 pulsuque
615 2198 772 2253 pedum
796 2199 934 2239 tremit
957 2199 1092 2240 excita
1117 2199 1252 2240 tellus.

147 2257 250 2298 vidit
273 2257 325 2299 ab
350 2258 527 2299 adverso
551 2259 764 2300 venientes
790 2274 943 2315 aggere
967 2260 1149 2309 Turnus,

146 2318 287 2360 videre
310 2317 510 2368 Ausonii,
536 2319 782 2374 gelidusque
805 2334 881 2375 per
903 2321 988 2362 ima
1012 2321 1190 2362 cucurrit

147 2395 245 2422 ossa
268 2385 439 2430 tremor3
463 2380 598 2435 prima
621 2386 716 2422 ante
741 2381 875 2423 omnis
899 2381 1074 2423 Iuturna
1096 2382 1274 2423 Latinos

148 2442 278 2483 audiit
301 2442 584 2498 adgnovitque
609 2457 759 2484 sonum
783 2448 823 2484 et
847 2443 1090 2485 tremefacta
1111 2443 1279 2500 refugit.

147 2503 216 2545 ille
240 2503 370 2553 volat,
397 2518 627 2559 campoque
652 2510 787 2546 atrum
810 2504 918 2560 rapit
941 2519 1095 2561 agmen
1118 2511 1273 2560 aperto.

148 2564 282 2620 qualis
307 2564 380 2607 ubi
403 2565 457 2606 ad
482 2571 610 2607 terras
635 2565 812 2622 abrupto
837 2566 972 2608 sidere
994 2565 1161 2608 nimbus

148 2627 181 2668 it
203 2641 317 2668 mare
339 2641 415 2682 per
437 2627 640 2678 medium;
664 2627 846 2677 miseris,
872 2627 973 2678 heu,
998 2628 1186 2684 praescia
1209 2628 1331 2684 longe

148 2687 394 2730 horrescunt
417 2689 542 2730 corda
565 2688 776 2745 agricolis:
802 2688 918 2731 dabit
940 2689 1009 2731 ille
1032 2689 1172 2731 ruinas

151 2749 366 2793 arboribus
393 2756 656 2807 stragemque
670 2751 782 2801 ,satis
790 2767 802 2802 3
827 2751 907 2792 ruit
931 2751 1070 2794 omnia
1092 2751 1173 2794 late

1424 275 1508 317 333

1535 650 1602 681 420

1537 963 1603 994 425

1538 1275 1605 1306 430

1538 1587 1605 1619 435

1537 1898 1605 1930 440

1540 2211 1606 2242 445

1538 2517 1605 2550 450
