1794 3048
368 275 373 278 ’
396 292 476 333 144
797 304 838 337 P.
857 291 1087 339 VERGILII
1105 303 1327 341 MARoNIS

305 597 370 628 540

305 902 368 932 545

304 1206 368 1237 550

303 1511 367 1541 555

302 1816 367 1846 560

303 2119 367 2150 565

304 2426 368 2456 570

394 410 583 457 quattuor
605 403 688 452 hic,
713 403 889 457 primum
913 417 1051 453 omen,
1077 418 1203 457 equos
1227 404 1270 445 in
1292 405 1474 459 gramine
1498 405 1580 446 vidi

395 465 606 506 tondentes
631 478 820 517 campum
842 462 941 513 late,
966 464 1140 505 candore
1163 464 1300 506 nivali.

395 531 435 566 et
456 531 572 579 pater
593 523 818 565 Anchises:
845 523 1040 574 „bellum‚
1066 538 1090 565 o
1114 530 1221 565 terra
1243 524 1422 579 hospita,
1447 531 1604 580 portas3

393 584 499 626 bello
523 590 730 626 armantur
752 583 863 637 equi,
887 583 1039 626 bellum
1062 584 1164 626 haec
1187 591 1368 626 armenta
1391 586 1604 627 minantur.

394 645 467 687 sed
490 651 625 686 tamen
648 644 757 685 idem
781 644 877 685 olim
900 658 1022 686 curru
1044 645 1261 686 succedere
1285 646 1390 686 sueti

393 705 676 760 quadrupedes
701 711 741 746 et
764 705 879 746 frena
900 705 998 760 iugo
1022 705 1237 747 concordia
1260 705 1382 747 ferre:

393 781 487 821 spes
512 773 550 807 et
574 766 734 821 pacis,“
759 765 827 806 ait.
852 771 939 806 tum
961 766 1129 807 numina
1152 772 1292 808 sancta
1314 781 1525 821 precamur

392 827 574 869 Palladis
600 826 846 876 armisonae,
871 840 975 879 quae
998 826 1129 881 prima
1152 827 1309 881 accepit
1331 827 1504 877 ovantis,

392 895 433 930 et
455 888 589 943 capita
612 894 705 929 ante
728 902 819 929 aras
842 886 1025 942 Phrygio
1049 887 1231 929 velamur
1254 888 1422 938 amictu3

391 949 699 1004 praeceptisque
722 948 891 998 Heleni,
916 948 1083 990 dederat
1105 963 1209 1002 quae
1232 949 1428 999 maxima,
1453 949 1528 990 rite

393 1010 541 1051 Iunoni
563 1008 747 1065 Argivae
770 1009 904 1050 iussos
929 1009 1139 1051 adolemus
1163 1009 1349 1051 honores.

392 1071 502 1112 haud
525 1085 657 1120 mora,
682 1070 873 1111 continuo
895 1069 1087 1125 perfectis
1111 1070 1251 1111 ordine
1276 1070 1381 1111 votis

392 1146 544 1173 cornua
564 1131 789 1173 velatarum
813 1130 1061 1173 obvertimus
1085 1137 1351 1173 antennarum

394 1191 754 1248 Graiugenumque
778 1192 920 1233 domos
946 1198 1216 1247 suspectaque
1238 1192 1459 1245 linquimus
1484 1207 1592 1233 arva.

391 1254 486 1295 hinc
509 1254 621 1295 sinus
644 1253 858 1303 Herculei,
885 1253 919 1294 si
942 1267 1039 1294 vera
1061 1259 1124 1294 est
1147 1253 1274 1303 fama,
1300 1253 1468 1294 Tarenti

393 1315 586 1365 cernitur3
611 1314 758 1356 attollit
781 1329 825 1356 se
849 1314 944 1355 diva
966 1314 1140 1355 Lacinia
1163 1320 1315 1363 contra,

393 1375 670 1429 Caulonisque
693 1389 806 1416 arces
831 1381 872 1416 et
893 1375 1151 1430 navifragum
1178 1374 1433 1429 Scylaceum.

392 1444 478 1478 tum
500 1436 642 1492 procul
665 1451 687 1478 e
710 1436 837 1477 fluctu
860 1436 1070 1477 Trinacria
1093 1436 1269 1478 cernitur
1290 1435 1438 1486 Aetna,

392 1505 432 1539 et
454 1498 652 1553 gemitum
675 1497 882 1553 ingentem
905 1497 1042 1553 pelagi
1063 1497 1304 1552 pulsataque
1329 1513 1428 1539 saxa

391 1560 579 1601 audimus
602 1559 724 1615 longe
748 1558 979 1612 fractasque
1003 1559 1056 1600 ad
1078 1559 1196 1600 litora
1217 1573 1354 1608 voces,

391 1620 676 1674 exsultantque
700 1620 808 1661 vada
830 1625 951 1673 atque
975 1625 1092 1660 aestu
1114 1619 1337 1660 miscentur
1360 1634 1517 1660 arenae.

391 1687 432 1723 et
452 1688 568 1737 pater
590 1680 814 1723 Anchises:
834 1681 1055 1732 „nimirum
1079 1680 1181 1722 haec
1202 1680 1273 1722 illa
1297 1680 1549 1735 Charybdis3

390 1742 465 1784 hos
489 1742 676 1784 Helenus
702 1741 910 1797 scopulos,
935 1741 1037 1783 haec
1060 1756 1160 1783 saxa
1182 1741 1382 1783 horrenda
1405 1741 1587 1783 canebat.

391 1803 551 1858 eripite,
576 1818 601 1845 o
625 1803 743 1853 socii,
768 1803 997 1858 pariterque
1020 1802 1217 1858 insurgite
1240 1803 1402 1844 remis.“

391 1864 500 1905 haud
525 1864 660 1906 minus
685 1878 733 1905 ac
755 1864 859 1905 iussi
881 1864 1054 1914 faciunt,
1078 1864 1315 1918 primusque
1337 1864 1549 1905 rudentem

391 1925 588 1966 contorsit
609 1924 747 1966 laevas
771 1939 934 1979 proram
956 1924 1177 1966 Palinurus
1201 1925 1254 1965 ad
1276 1924 1427 1974 undas3

390 1986 550 2026 laevam
574 1991 720 2026 cuncta
743 1985 888 2026 cohors
911 1985 1034 2026 remis
1058 1985 1271 2039 ventisque
1293 1986 1447 2039 petivit.

391 2046 569 2087 tollimur
590 2045 634 2086 in
656 2045 814 2087 caelum
837 2051 1003 2087 curvato
1026 2046 1187 2100 gurgite
1211 2051 1251 2086 et
1272 2046 1381 2086 idem

392 2106 593 2148 subducta
616 2106 669 2147 ad
691 2106 823 2148 manis
846 2106 950 2148 imos
975 2106 1208 2148 desedimus
1230 2106 1353 2147 unda.

391 2174 453 2210 ter
476 2167 634 2223 scopuli
657 2167 875 2209 clamorem
896 2168 1002 2209 inter
1024 2182 1126 2209 cava
1149 2182 1249 2209 saxa
1271 2167 1437 2217 dedere3

391 2237 453 2272 ter
477 2245 664 2286 spumam
687 2230 829 2271 elisam
853 2235 893 2271 et
914 2229 1093 2271 rorantia
1114 2229 1292 2271 vidimus
1316 2235 1437 2271 astra.

391 2291 544 2333 interea
566 2290 700 2332 sessos
724 2297 870 2332 ventus
896 2304 989 2331 cum
1013 2289 1098 2331 sole
1120 2289 1293 2344 reliquit,

392 2352 603 2407 ignarique
626 2352 716 2393 viae
742 2350 971 2406 Cyclopum
994 2351 1221 2393 adlabimur
1244 2351 1337 2393 oris.

448 2413 596 2454 Portus
620 2412 672 2454 ab
697 2427 867 2454 accessu
889 2418 1101 2454 ventorum
1123 2412 1301 2453 inmotus
1326 2418 1366 2454 et
1387 2412 1531 2467 ingens

391 2475 499 2528 ipse3
525 2474 598 2515 sed
620 2473 818 2515 horrificis
842 2474 956 2514 iuxta
978 2479 1093 2514 tonat
1114 2472 1253 2514 Aetna
1274 2472 1414 2521 ruinis,

391 2535 674 2588 interdumque
698 2540 827 2576 atram
849 2534 1075 2589 prorumpit
1097 2534 1150 2575 ad
1172 2533 1335 2575 aethera
1357 2532 1519 2581 nubem,

392 2595 552 2637 turbine
574 2596 800 2637 fumantem
822 2597 939 2650 piceo
963 2602 1002 2636 et
1026 2595 1223 2637 candente
1246 2593 1397 2642 favilla,

392 2657 617 2710 attollitque
640 2656 785 2712 globos
809 2657 1063 2698 flammarum
1087 2662 1127 2697 et
1151 2656 1282 2697 sidera
1303 2654 1463 2703 lambit;

306 2730 369 2759 575
393 2717 594 2757 interdum
619 2717 808 2772 scopulos
833 2717 1052 2770 avolsaque
1077 2717 1231 2758 viscera
1254 2714 1400 2756 montis
