1820 3080
293 415 356 445 520

383 293 462 333 312
780 298 820 331 P.
844 295 1069 332 VERGILII
1088 294 1311 330 MARONIS

381 402 440 442 sic
462 405 518 441 ait
542 408 581 439 ct
603 397 768 452 paribus
793 396 1036 449 Messapum
1058 396 1102 436 in
1123 395 1277 450 proelia
1299 395 1416 437 dictis

379 462 558 503 hortatur
582 458 795 510 sociosque
819 457 944 498 duces
969 462 1008 497 et
1031 456 1164 510 pergit
1187 455 1230 496 in
1252 455 1423 498 hostem.

380 529 442 563 cst
465 534 587 562 curvo
612 519 797 559 anfractu
819 517 965 567 valles,
990 517 1259 558 adcommoda
1281 517 1415 559 fraudi

380 594 662 633 armorumque
686 579 808 627 dolis,
834 593 957 632 quam
980 578 1117 619 densis
1141 577 1353 619 frondibus
1378 584 1510 619 atrum

381 647 526 697 urguet
548 640 751 692 utrimque
774 639 900 689 latus,
926 638 1058 680 tenuis
1083 653 1165 692 quo
1189 639 1334 680 semita
1357 639 1467 680 ducit

296 718 304 725 ·
339 718 350 724 ·
379 702 658 757 angustaeque
681 701 817 742 ferunt
838 700 979 741 fauces
1003 700 1219 753 aditusque
1242 700 1421 754 maligni.

294 1021 358 1051 530

380 764 484 804 hanc
508 778 631 817 super
653 763 695 803 in
719 761 895 816 speculis
921 775 1161 814 summoque
1184 761 1228 802 in
1250 761 1399 802 vertice
1423 762 1572 803 montis

380 824 566 879 planities
589 824 729 878 ignota
751 823 873 872 iacet,
900 823 1056 875 tutique
1077 836 1278 870 recessus,

381 899 455 927 seu
478 885 620 925 dextra
642 884 838 937 laevaque
862 883 962 924 velis
987 897 1196 924 occurrere
1219 897 1396 938 pugnae,

381 946 466 987 sive
490 946 640 986 instare
663 945 770 1000 iugis
796 951 836 985 et
859 944 1028 1000 grandia
1052 944 1215 985 volvere
1239 959 1351 985 saxa.

381 1007 462 1048 huc
485 1005 643 1047 iuvenis
667 1011 764 1046 nota
785 1005 914 1046 fertur
935 1005 1101 1061 regione
1125 1005 1295 1054 viarum,

381 1067 630 1121 arripuitque
653 1066 788 1108 locum
812 1071 852 1106 et
877 1066 989 1107 silvis
1013 1065 1162 1107 insedit
1184 1065 1346 1119 iniquis.

438 1127 635 1170 Velocem
657 1127 810 1168 interea
834 1127 990 1181 superis
1015 1127 1057 1167 in
1081 1126 1247 1168 sedibus
1274 1124 1413 1180 Opim,

384 1204 507 1230 unam
530 1202 582 1230 ex
604 1187 829 1243 virginibus
855 1187 975 1229 sociis
1001 1201 1195 1240 sacraque
1220 1193 1393 1236 caterva,

343 1280 345 1282 »
384 1248 653 1303 compellabat
677 1253 717 1289 et
739 1247 814 1289 has
838 1247 963 1288 tristis
986 1247 1166 1289 Latonia
1188 1261 1310 1288 voces

297 1325 359 1353 535

298 1626 362 1656 540

299 1929 362 1957 545

301 2229 364 2259 550

302 2533 365 2562 555

385 1324 452 1350 ore
476 1309 617 1350 dabat:
645 1309 852 1363 „graditur
875 1308 1027 1350 bellum
1051 1308 1104 1349 ad
1128 1308 1290 1349 crudele
1316 1307 1502 1356 Camilla,

384 1385 408 1411 o
432 1370 566 1425 virgo,
592 1376 632 1410 et
654 1369 802 1411 nostris
826 1369 1075 1422 nequiquam
1099 1369 1274 1424 cingitur
1297 1368 1433 1417 armis,

384 1446 478 1472 cara
501 1431 599 1471 mihi
623 1437 714 1472 ante
739 1430 851 1471 alias.
877 1444 1009 1483 neque
1033 1430 1140 1471 enim
1163 1445 1294 1471 novus
1318 1429 1394 1471 iste
1417 1429 1578 1470 Dianae

384 1492 494 1532 venit
518 1507 649 1540 amor,
676 1491 890 1544 subitaque
914 1491 1095 1532 animum
1119 1490 1332 1532 dulcedine
1355 1491 1494 1531 movit.

385 1552 527 1607 pulsus
552 1551 604 1593 ob
629 1552 823 1593 invidiam
847 1566 973 1607 regno
996 1552 1185 1605 viresque
1210 1551 1406 1606 superbas

385 1613 582 1654 Priverno
606 1614 774 1666 antiqua
796 1613 990 1655 Metabus
1015 1628 1108 1654 cum
1133 1613 1346 1654 excederet
1367 1612 1481 1662 urbe,

385 1673 582 1715 infantem
605 1673 767 1728 fugiens
792 1674 927 1716 media
949 1675 1054 1715 inter
1075 1674 1229 1729 proelia
1251 1673 1348 1715 belli

387 1734 550 1776 sustulit
573 1735 716 1776 exsilio
741 1735 949 1785 comitem,
974 1735 1196 1789 matrisque
1220 1734 1383 1776 vocavit

387 1794 548 1835 nomine
574 1794 812 1845 Casmillae,
837 1802 992 1837 mutata
1014 1802 1147 1851 parte,
1174 1795 1403 1837 Camillam.

387 1856 475 1909 ipse
500 1855 591 1896 sinu
613 1870 711 1909 prae
735 1870 779 1896 se
802 1864 968 1910 portans
991 1857 1089 1912 iuga
1111 1857 1235 1912 longa
1256 1856 1421 1911 petebat

388 1915 566 1956 solorum
588 1929 818 1956 nemorum:
844 1917 924 1958 tela
947 1918 1125 1970 undique
1151 1932 1273 1958 saeva
1296 1916 1538 1971 premebant

386 1981 427 2015 et
450 1974 697 2016 circumfuso
720 1975 943 2017 volitabant
965 1978 1092 2019 milite
1116 1977 1270 2019 Volsci.

388 2049 501 2085 ccce,
525 2035 650 2090 fugae
674 2036 826 2085 medio,
852 2037 1022 2078 summis
1045 2036 1282 2078 Amasenus
1306 2037 1519 2078 abundans

388 2094 605 2150 spumabat
626 2096 744 2150 ripis,
769 2102 905 2138 tantus
930 2111 975 2138 se
997 2097 1174 2150 nubibus
1198 2097 1328 2138 imber

387 2162 562 2210 ruperat.
586 2156 654 2196 ille
676 2156 816 2204 innare
840 2171 987 2211 parans
1011 2157 1176 2199 infantis
1201 2173 1337 2199 amore

388 2216 585 2266 tardatur,
603 2228 786 2270 ‘caroque
810 2218 921 2258 oneri
945 2218 1070 2259 timet.
1096 2219 1231 2259 omnia
1255 2232 1394 2260 secum

387 2277 565 2318 versanti
589 2276 723 2318 subito
746 2277 816 2318 vix
839 2277 941 2319 haec
966 2279 1164 2319 sententia
1188 2279 1309 2320 sedit:

388 2338 514 2379 telum
536 2338 718 2388 inmane,
744 2353 868 2380 manu
891 2339 1026 2380 valida
1049 2340 1160 2393 quod
1183 2339 1287 2381 forte
1310 2339 1479 2396 gerebat

389 2398 576 2449 bellator,
602 2400 776 2441 solidum
799 2400 916 2441 nodis
941 2408 980 2442 et
1003 2400 1147 2442 robore
1172 2407 1299 2450 cocto,

389 2460 483 2501 huic
507 2467 661 2510 natam,
686 2460 789 2502 libro
813 2468 853 2502 et
877 2461 1052 2502 silvestri
1076 2461 1222 2503 subere
1245 2461 1438 2510 clausam,

388 2519 554 2574 inplicat
577 2527 699 2574 atque
722 2521 900 2563 habilem
922 2522 1080 2563 mediae
1105 2522 1356 2577 circumligat
1377 2522 1536 2571 hastac3

390 2594 514 2633 quam
538 2581 680 2623 dextra
702 2582 857 2637 ingenti
879 2582 1032 2624 librans
1056 2583 1112 2623 ita
1136 2583 1188 2623 ad
1211 2583 1375 2624 aethera
1397 2583 1524 2624 fatur:

390 2641 527 2691 ‚alma,
554 2641 627 2683 tibi
649 2642 772 2692 hanc,
797 2657 1008 2685 nemorum
1032 2643 1194 2693 cultrix,
1219 2643 1397 2685 Latonia
1418 2643 1545 2697 virgo,

391 2702 479 2756 ipse
502 2708 618 2756 pater
640 2703 836 2744 famulam
859 2719 988 2746 voveo
996 2720 1008 2754 ;
1033 2710 1103 2746 tua
1124 2704 1256 2758 prima
1277 2719 1350 2758 per
1372 2717 1490 2745 auras
