1742 3042
363 327 490 357 XVIII
921 321 1129 348 PRAEFATIO

363 424 564 468 Utrumque
579 420 663 455 dedi
682 417 761 452 soni
777 426 918 451 caussa.
934 416 947 460 ΙΙ
964 414 1040 448 332.
1053 411 1176 460 Athon]
1195 411 1306 447 Atho.
1322 413 1335 460 ΙΙ
1352 413 1428 448 360.
1450 413 1554 447 omisi
1574 425 1594 447 a
1607 417 1692 457 post

363 480 447 513 tum,
473 471 572 517 quod
595 480 666 504 nec
682 467 869 503 Mediceus
892 464 1025 508 habet,
1048 473 1119 498 nec
1141 463 1320 508 adgnovit
1343 462 1492 498 Servius
1514 462 1692 498 Danielis.

363 523 474 556 curvis
493 521 618 555 carinis
638 521 695 553 est
712 515 913 551 ablativus:
937 517 1018 548 erat
1033 514 1069 547 in
1086 514 1198 547 curvis
1210 524 1240 546 c.
1261 513 1276 558 l]
1296 512 1373 547 404.
1387 514 1515 547 aethere
1528 524 1608 547 cuin
1621 512 1693 546 Ro-

360 581 469 606 mano
490 568 620 613 scripsi
637 577 704 612 pro
723 577 816 607 aere,
842 563 928 610 quia
941 562 1064 598 statim
1083 565 1286 608 sequuntur
1303 573 1431 597 versus
1445 565 1519 596 tres
1533 565 1695 596 extrema

362 620 435 655 Ciri
449 618 550 662 lecti,
575 618 612 651 in
627 616 759 662 quibus
773 616 883 649 aether
895 617 952 649 est
969 623 1036 658 pro
1050 624 1138 646 aere.
1185 610 1356 647 Ceterum
1369 611 1514 656 quaein
1525 611 1583 645 his
1595 610 1695 646 voci-

360 671 429 704 bus
443 670 598 713 peccata
618 676 699 700 esse
711 664 882 700 videntur
897 663 935 697 in
945 661 1102 707 Vergilii
1121 661 1243 706 libris,
1269 661 1340 695 vid.
1359 661 1456 705 apud
1469 660 1694 695 Lachmann.

361 719 408 753 ad
420 718 529 752 Luer.
548 728 583 761 p.
598 716 672 750 167.
688 715 701 761 ΙΙ
717 713 794 748 419.
814 711 936 760 denset]
957 712 1097 746 densat.
1112 711 1126 758 fl
1142 711 1219 745 438.
1231 718 1277 754 et,
1302 711 1401 756 quod
1415 713 1495 745 erat
1510 713 1596 755 post
1613 721 1694 754 quo-

360 779 438 812 que,
463 765 578 801 omisi.
601 764 686 800 Vid.
707 765 736 807 ξ.
755 763 786 797 7.
808 763 821 809 fl
842 761 920 796 457.
939 759 1081 808 moveat]
1099 763 1258 795 moneat.
1280 760 1293 806 ΙΙ
1315 759 1392 794 461.
1411 758 1511 806 ferat]
1530 758 1679 803 vehat.fl

359 816 436 851 513.
454 817 490 850 in
506 813 628 862 spatio]
646 814 684 848 in
706 813 836 858 spatia.
883 811 994 846 Silius
1012 810 1166 845 Italicus
1188 809 1298 844 nobis
1318 810 1528 854 sequendus
1551 807 1695 842 videtur

363 867 483 910 (XVI,
496 865 596 912 372),
614 864 805 908 multoque
819 861 1019 907 simplicior
1031 863 1089 895 est
1101 859 1301 894 ablativus:
1315 859 1457 893 addunt
1471 861 1530 902 (=
1542 857 1694 902 augent)

361 917 397 950 in
413 915 532 960 spatio
546 915 606 959 (=
615 913 654 948 in
667 913 864 957 curriculo)
879 922 1041 955 cursum3
1060 920 1153 956 quae
1166 908 1268 944 notio
1282 909 1483 954 repetenda
1502 913 1558 943 est
1577 919 1620 943 cx
1634 919 1694 942 an-

361 965 554 1000 tecedente
567 962 727 1009 effudere.

427 1014 510 1049 Lib.
529 1013 578 1057 11,
597 1013 629 1047 8.
642 1010 789 1059 direptis]
804 1010 1005 1056 dereptis]
1027 1010 1083 1044 22.
1101 1007 1204 1057 aliae]
1223 1009 1296 1044 alii.
1341 1007 1455 1043 Refer
1473 1007 1521 1042 ad
1541 1019 1572 1041 v.
1592 1008 1645 1041 10.
1666 1007 1679 1053 Η

361 1063 455 1098 Ibid.
469 1062 564 1110 qaas]
579 1073 682 1108 quos.
699 1062 712 1107 ΙΙ
740 1061 795 1095 52.
807 1058 911 1108 voles]
924 1070 1046 1095 voces·
1061 1060 1076 1106 fl
1091 1059 1146 1094 81.
1159 1057 1237 1106 exit]
1250 1057 1347 1093 exiit.
1392 1057 1477 1094 Vid.
1491 1057 1695 1102 Lachman-

361 1125 429 1147 nus
443 1113 491 1147 ad
503 1113 613 1146 Lucr.
625 1123 661 1155 p.
675 1111 751 1145 209.
769 1111 783 1157 ss
801 1111 855 1145 82.
876 1111 999 1144 mirata
1010 1107 1133 1156 estque]
1146 1108 1383 1153 miraturque.
1398 1107 1412 1154 ΙΙ
1429 1107 1505 1141 187.
1524 1105 1695 1153 dispicere]

362 1162 562 1207 despicere.
585 1161 669 1197 Vid.
683 1163 712 1204 ἓ.
725 1161 756 1196 8.
772 1162 785 1207 1]
803 1161 879 1195 220.
898 1159 968 1208 aut]
988 1163 1035 1195 et.
1052 1160 1064 1205 ΙΙ
1081 1159 1158 1193 253.
1176 1157 1249 1207 nec]
1267 1169 1398 1203 neque.
1414 1158 1427 1204 ΙΙ
1445 1157 1520 1191 256.
1535 1155 1694 1204 quisquis]

362 1213 443 1257 quis
463 1212 531 1247 eui.
547 1212 560 1258 1]
577 1211 652 1246 265.
666 1210 718 1259 ac]
738 1215 786 1246 at.
803 1212 815 1257 ΙΙ
831 1211 908 1245 339.
920 1209 1057 1257 hiberni]
1071 1209 1246 1244 hibernis.
1293 1208 1414 1243 Minus
1427 1208 1518 1242 illud
1535 1207 1694 1252 poetice,

364 1262 429 1296 sed
442 1262 558 1306 magis
571 1261 729 1306 proprie.
745 1262 757 1307 ΙΙ
775 1261 851 1295 354.
865 1259 1038 1308 deducere]
1052 1260 1237 1295 diducere.
1253 1260 1266 1305 l]
1284 1259 1360 1293 368.
1374 1265 1452 1293 tune
1464 1257 1606 1305 ——tunc]
1619 1262 1695 1292 tum

361 1333 406 1339 —
417 1316 503 1346 tum.
521 1311 535 1357 ss
549 1311 625 1346 405.
638 1311 797 1358 extendet]
814 1311 987 1346 extendit.
1001 1311 1016 1357 Ι]
1032 1309 1108 1344 433.
1123 1310 1212 1345 satis
1225 1309 1458 1353 languidum,
1477 1308 1515 1342 in
1527 1307 1694 1342 Mediceo

364 1372 510 1407 quoque
525 1361 716 1406 omissum,
731 1372 800 1395 nce
815 1360 942 1396 Servio
956 1361 1108 1404 lectum,
1121 1360 1226 1394 uncis
1239 1358 1381 1393 inclusi.
1399 1359 1411 1403 ΙΙ
1439 1357 1516 1392 435.
1529 1356 1694 1404 umbram]

360 1412 520 1446 umbras.
536 1412 549 1457 fl
565 1411 642 1446 488.
657 1410 878 1459 convallibus]
892 1410 930 1445 in
942 1410 1111 1445 vallibus.
1126 1410 1141 1456 fl
1157 1409 1233 1444 514.
1245 1407 1402 1456 Penates]
1416 1411 1584 1453 nepotes.
1625 1407 1695 1449 Qui

363 1466 471 1501 alieni
486 1466 532 1501 ab
546 1466 582 1500 h.
596 1466 619 1500 l.

428 1516 512 1551 Lib.
531 1516 599 1559 111,
619 1515 650 1550 3.
670 1515 835 1563 carmina]
855 1516 1025 1551 carmine.
1046 1515 1060 1561 Π
1084 1516 1136 1550 78.
1153 1513 1270 1562 ponto]
1292 1514 1407 1559 ponti.
1429 1514 1442 1560 fl
1465 1514 1519 1548 92.
1542 1512 1694 1560 effundit]

363 1565 500 1600 effudit.
546 1565 663 1600 Movit
675 1577 731 1600 me
745 1565 903 1600 Medicei
916 1569 954 1600 et
965 1564 1120 1599 Romani
1136 1575 1348 1599 consensu&
1364 1564 1376 1609 ΙΙ
1396 1564 1470 1598 101.
1482 1562 1567 1611 hinc]
1581 1563 1650 1597 hic.
1667 1563 1679 1608 ΙΙ

362 1615 437 1649 189.
451 1621 480 1648 et
492 1615 710 1658 iamque—et
722 1614 803 1663 iam]
817 1614 1176 1660 etiamque—etiam.
1193 1615 1205 1660 ΙΙ
1224 1615 1298 1648 190.
1313 1611 1486 1660 occeperit]
1501 1612 1695 1656 acceperit.

362 1664 461 1697 Illud
472 1663 674 1698 Vaticanus
686 1665 850 1708 praebet.
866 1665 880 1710 ΙΙ
897 1664 973 1699 219.
985 1663 1084 1711 silva]
1100 1662 1186 1697 Sila.
1212 1661 1402 1707 sumptum
1414 1662 1487 1697 hoc
1499 1674 1543 1697 ex
1555 1661 1600 1697 A.
1608 1662 1694 1704 XII,

364 1712 438 1747 715.
455 1713 467 1758 Η
485 1713 560 1747 230.
568 1713 703 1761 pernix]
723 1725 874 1758 pernox.
922 1713 1019 1749 Satis
1033 1713 1124 1747 illud
1145 1712 1351 1747 defenditur
1368 1712 1491 1747 Iunilii
1500 1711 1642 1758 Flagrii
1660 1716 1697 1746 ct

364 1763 502 1807 duplici
521 1762 637 1798 Servii
655 1765 886 1800 auctoritate.
907 1764 920 1810 ΙΙ
942 1764 1019 1798 241.
1037 1761 1216 1810 subvectat]
1242 1763 1433 1797 subiectat.
1455 1763 1467 1809 l]
1489 1763 1565 1797 254.
1583 1775 1695 1797 corre-

358 1812 512 1860 ptosque]
532 1818 730 1858 correptos.
748 1815 759 1860 Η
777 1815 853 1849 273.
872 1814 928 1862 ad]
948 1815 995 1848 in.
1013 1814 1025 1860 ΙΙ
1043 1812 1119 1848 305.
1143 1812 1277 1861 tuenda]
1292 1814 1461 1848 tuendae.
1483 1813 1564 1849 Vid.
1579 1815 1608 1856 ξ.
1621 1813 1651 1848 7.
1674 1813 1686 1858 ΙΙ

363 1862 439 1897 323.
459 1862 576 1910 mittes]
594 1864 723 1898 mittet.
745 1864 757 1909 ΙΙ
780 1864 856 1898 338.
873 1862 1060 1911 alcyonem]
1080 1863 1274 1908 alcyoncn.
1298 1863 1381 1898 Vid.
1401 1864 1430 1906 ξ.
1455 1863 1485 1898 7.
1507 1863 1520 1909 ΙΙ
1541 1863 1618 1897 383.
1643 1875 1695 1897 ve-

365 1911 491 1960 lantur]
506 1915 657 1948 velatur.
673 1914 686 1960 ss
703 1915 779 1948 402.
793 1913 981 1961 exportant]
996 1913 1057 1948 Sic
1068 1913 1153 1948 libri
1166 1924 1233 1957 pro
1248 1924 1308 1957 eo,
1330 1914 1429 1958 quod
1443 1913 1600 1948 coniecit
1611 1912 1697 1948 Sca-

365 1963 475 2008 liger,
495 1970 686 2008 exportans.
701 1965 715 2010 fl
732 1964 808 1999 433.
827 1963 953 2011 extulit]
975 1963 1106 1998 exsilit.
1151 1963 1251 1997 Illud
1268 1974 1392 1997 verum
1407 1975 1488 1998 csse
1509 1964 1620 1998 docet
1636 1975 1697 1998 va-

363 2013 474 2047 rietas
494 2013 696 2057 scripturae
713 2016 791 2048 exiit
809 2018 846 2048 et
862 2016 981 2048 exsilit.
1005 2015 1017 2060 l]
1038 2012 1115 2047 434.
1133 2011 1309 2060 exercitus]
1333 2014 1536 2048 exterritus.
1588 2013 1695 2055 Quod

364 2062 522 2097 alienum
536 2063 582 2096 ab
596 2063 631 2096 h.
646 2064 667 2097 l.
684 2064 696 2109 ΙΙ
713 2063 790 2098 444.
801 2063 945 2110 hirsutis]
959 2063 1100 2097 hirsuti.
1148 2062 1393 2107 Opponuntur
1405 2065 1519 2096 tonsis.

430 2111 513 2145 Lib.
526 2112 590 2155 IV,
607 2111 658 2146 14.
672 2111 725 2159 ab]
740 2124 771 2147 a.
787 2113 800 2158 Η
817 2113 871 2147 45.
885 2120 914 2147 et
934 2112 1010 2159 levi]
1030 2123 1049 2147 e
1068 2111 1150 2147 levi.
1167 2112 1180 2158 ΙΙ
1198 2112 1272 2146 132.
1285 2111 1417 2158 animis]
1431 2111 1563 2147 animo.
1598 2112 1695 2146 Illud

364 2172 490 2196 omnes
503 2161 643 2196 habent
655 2162 750 2196 libri.
794 2162 915 2197 Animi
929 2164 1029 2208 apud
1040 2162 1244 2207 Vergilium
1256 2179 1302 2193 ==
1311 2173 1426 2205 mem,
1442 2162 1488 2196 cf.
1500 2161 1544 2196 A.
1557 2162 1606 2204 ΙΙ,
1620 2162 1696 2196 754.

363 2210 428 2253 IV,
442 2210 518 2244 414.
535 2212 546 2256 ss
575 2211 651 2245 202.
665 2211 821 2260 rofi-quat]
833 2211 1029 2258 refingunt.
1045 2212 1057 2257 ΙΙ
1074 2212 1151 2246 222.
1165 2210 1345 2258 terrarum]
1364 2215 1565 2256 terrasque.
1611 2211 1696 2246 Vid.

365 2262 395 2302 ξ.
409 2261 439 2295 7.
456 2261 468 2306 ΙΙ
486 2260 676 2308 αιιῃιιείανη]
696 2266 899 2307 angustam.
945 2263 1045 2297 Illud
1057 2263 1095 2296 in
1107 2262 1275 2296 Mediceo
1296 2265 1352 2296 est
1364 2265 1402 2297 et
1414 2262 1512 2306 apud
1520 2260 1695 2304 Servium,

363 2320 433 2344 nec
445 2309 566 2345 habeo
581 2311 681 2355 quod
695 2312 851 2346 adiciam
862 2313 982 2347 bonae
990 2311 1125 2357 Heynii
1140 2310 1378 2346 adnotationi.
1394 2311 1407 2357 fl
1425 2311 1491 2345 290
1504 2321 1557 2356 sq.
1566 2310 1695 2345 sustuli

364 2359 688 2403 transpositionem
707 2361 843 2396 factam
858 2362 1018 2405 (scilicet
1029 2362 1104 2396 291.
1123 2366 1209 2405 post
1219 2361 1295 2395 292.
1309 2361 1532 2405 ponebatur)
1546 2363 1583 2395 et
1594 2371 1696 2395 revo-

365 2408 445 2443 cavi
454 2420 621 2443 versuum
631 2411 805 2456 ordinem,
815 2412 934 2457 qualis
942 2411 1039 2447 estin
1048 2410 1227 2446 Mediceo.
1243 2411 1255 2457 ΙΙ
1273 2409 1695 2456 338.Cydippe]Cydippc-

365 2469 448 2502 quc.
496 2458 563 2499 Qui
584 2463 670 2494 ante
688 2460 785 2495 hunc
797 2473 941 2495 versum
958 2461 1168 2506 legebatur,
1194 2461 1329 2495 Nesaee
1346 2461 1493 2504 Spioque
1513 2460 1697 2503 nauaque

367 2508 631 2553 Cymodoceque,
651 2520 694 2543 ex
707 2509 802 2554 A.V‚
815 2511 881 2545 826
894 2511 967 2545 huc
979 2510 1120 2553 illatus,
1141 2521 1221 2544 cum
1235 2509 1380 2554 optimis
1394 2508 1496 2542 libris
1515 2508 1694 2542 delendus

365 2560 454 2590 erat.
470 2558 482 2601 ΙΙ
499 2557 693 2607 346.α1(]αε]
707 2571 813 2604 aque.
829 2561 842 2607 ΙΙ
858 2560 932 2595 378.
950 2559 1139 2607 pinquibas]
1159 2559 1318 2605 ignibus
1339 2559 1351 2604 fl
1367 2558 1444 2592 392.
1463 2559 1696 2602 sint—,fuerint

364 2607 602 2654 —trahantm·]
617 2609 908 2644 sunt—fuerunt
919 2631 964 2636 —
974 2611 1178 2644 trahuntur.
1225 2608 1333 2650 Quod
1345 2607 1553 2652 probarem,
1568 2606 1598 2640 si
1610 2606 1694 2651 plus

366 2654 491 2688 auxilii
503 2665 526 2688 a
539 2656 727 2692 codicibus
741 2664 849 2694 esset.
874 2660 1031 2694 Medicei
1040 2660 1196 2704 scriptor
1203 2658 1315 2692 semel
1328 2661 1481 2699 tantum,
1494 2655 1693 2700 nisifallor,

365 2703 404 2737 in
419 2709 587 2748 correpto
600 2707 766 2750 perfecto
780 2709 905 2753 lapsus
920 2714 986 2744 est.
1003 2710 1015 2755 fl
1033 2709 1108 2743 408.
1117 2709 1259 2742 sonitum
1270 2705 1441 2753 flammae]
1455 2705 1621 2740 flammae
1637 2716 1691 2739 so·
1739 2720 1741 2723 ¹

365 2752 491 2788 uitam.
506 2754 520 2800 ῃ
536 2754 614 2790 430.
631 2757 798 2805 asperae]
819 2758 999 2803 dispersit.
1016 2760 1029 2805 fl
1046 2759 1121 2793 504.
1141 2770 1224 2803 quos
1241 2778 1286 2784 —
1303 2755 1400 2804 quae]
1421 2767 1493 2801 quo
1506 2776 1551 2781 -
1564 2766 1646 2800 qua·
1663 2755 1676 2800 ΙΙ
