1800 3080
718 271 861 309 CIBIS.

106 383 211 426 haec
234 387 375 424 tamen
396 380 571 430 interea,
597 392 704 434 quae
726 390 970 433 possumus,
993 375 1037 418 in
1060 373 1212 430 quibus
1236 373 1330 416 aevi

107 445 242 502 prima
259 443 499 485 'rudimenta
521 447 563 483 et
583 440 740 497 primos
765 438 980 496 exegimus
1004 452 1149 488 annos,

109 506 252 562 accipe
275 506 386 547 dona
408 518 502 546 meo
525 502 702 545 multum
725 501 897 558 vigilata
918 499 1060 543 labore

107 567 316 625 promissa
338 573 463 621 atque
486 565 577 616 diu,
601 564 685 606 iam
709 564 877 606 tandem
901 563 1070 605 exordia
1091 561 1236 604 rebus:

110 630 223 687 inpia
245 629 446 686 prodigiis
469 634 516 670 ut
538 627 748 683 quondam
773 625 966 668 exterrita
989 624 1141 666 amoris

113 691 256 748 Scylla
278 705 411 733 novos
435 689 576 732 avium
600 688 789 731 sublimis
812 688 858 730 in
880 702 975 729 aere
999 693 1143 729 coetus

110 753 260 796 viderit
282 758 325 795 et
347 752 461 794 tenui
484 750 765 794 conscendens
789 749 956 792 aethera
978 763 1116 805 penna

114 814 314 857 caeruleis
340 829 416 856 sua
439 819 549 856 tecta
573 811 931 868 supervolitaverit
955 811 1045 861 alis,

113 877 221 919 hanc
244 891 320 933 pro
342 889 551 932 purpureo
573 889 753 931 poenam
778 873 977 916 scelerata
1001 872 1151 929 capillo

112 954 189 995 pro
211 938 346 994 patria
369 937 556 988 solvens,
582 937 723 979 excisa
747 942 788 978 et
811 935 998 977 funditus
1022 934 1138 977 urbe.

114 1000 347 1056 complures
371 999 484 1041 illam
509 1005 551 1041 et
573 998 733 1054 magni,
758 996 979 1047 Messalla,
1003 1002 1151 1052 poetae
1175 1020 1230 1025 —

112 1078 210 1104 nam
234 1075 378 1103 verum
402 1060 625 1102 fateamur:
650 1064 762 1101 amat
783 1058 1063 1114 Polyhymnia
1085 1071 1232 1099 verum
1256 1080 1310 1085 —

113 1124 236 1180 longe
261 1122 343 1165 alia
363 1121 584 1179 perhibent
606 1126 809 1163 mutatam
831 1119 1020 1162 membra
1042 1119 1196 1175 figura:

117 1185 357 1241 Scyllaeum
381 1199 531 1227 saxum
553 1189 739 1226 monstra
760 1181 959 1225 insectata
980 1180 1121 1224 vocari
1128 1197 1141 1232 ;

114 1247 229 1290 illam
254 1261 366 1297 esse,
392 1245 601 1288 aerumnis
625 1259 752 1299 quam
777 1259 902 1300 saepe
924 1244 1114 1300 legamus
1139 1241 1271 1292 Ulixi,

117 1309 294 1351 candida
318 1308 571 1351 succinctam
593 1305 838 1348 latrantibus
861 1306 1035 1362 inguina
1057 1304 1267 1354 monstriS,

116 1370 337 1413 Dulichias
360 1383 539 1412 vexasse
561 1374 671 1411 rates
696 1374 738 1410 et
760 1367 925 1424 gurgite
947 1368 993 1409 in
1015 1367 1098 1410 alto

118 1434 344 1489 deprensos
367 1436 516 1474 nautas
541 1429 714 1473 canibus
737 1429 944 1472 lacerasse
966 1428 1150 1471 marinis.

120 1496 195 1538 sed
218 1509 353 1549 neque
375 1493 597 1535 Maeoniae
620 1492 724 1534 haec
746 1491 960 1548 patiuntur
982 1491 1148 1533 credere
1172 1489 1338 1532 chartae

119 1572 197 1600 nec
220 1556 356 1598 malus
379 1555 554 1597 istorum
577 1553 716 1596 dubiis
741 1553 948 1596 erroribus
973 1558 1129 1595 auctor.

119 1633 300 1674 namque
324 1617 427 1660 alias
452 1617 523 1659 alii
544 1616 671 1673 volgo
693 1616 852 1658 finxere
875 1614 1050 1672 puellas,

121 1695 228 1737 quae
253 1679 565 1735 Colophoniaco
592 1677 758 1735 Scyllae
782 1678 973 1720 dicantur
994 1677 1183 1720 Homero
1190 1692 1203 1729 ;

120 1743 212 1799 ipse
238 1741 434 1784 Crataein
458 1740 497 1782 ei
519 1746 713 1791 matrem3
739 1739 814 1782 sed
837 1739 926 1782 sive
951 1738 1153 1790 Crataeis,

123 1805 211 1847 sive
233 1803 348 1845 illam
371 1808 557 1845 monstro
579 1802 724 1859 genuit
746 1816 945 1858 germana
967 1800 1147 1851 biformi,

124 1867 212 1909 sive
236 1872 300 1909 est
322 1871 469 1907 neutra
491 1879 662 1921 parens,
687 1870 812 1919 atque
834 1863 915 1906 hoc
937 1864 982 1905 in
1004 1862 1185 1906 carmine
1209 1867 1296 1904 toto

123 1928 307 1985 inguinis
332 1933 397 1970 est
418 1927 566 1968 vitium
589 1932 631 1968 et
652 1926 815 1968 veneris
839 1925 1047 1982 descripta
1068 1924 1210 1975 libido,

125 1990 213 2033 sive
238 1989 363 2032 etiam
384 1989 504 2031 iactis
529 1988 711 2044 speciem
732 1993 892 2030 mutata
914 1987 1086 2029 venenis

124 2051 270 2094 infelix
291 2051 410 2108 virgo
433 2076 489 2082 --
514 2050 615 2106 quid
638 2050 748 2092 enim
772 2049 1035 2092 commiserat
1056 2048 1152 2091 illa?

124 2115 214 2170 ipse
237 2118 355 2169 pater
377 2112 563 2154 timidam
587 2127 714 2155 saeva
737 2111 978 2167 complexus
1003 2125 1129 2153 arena

128 2175 367 2231 coniugium
391 2189 510 2216 carae
533 2174 759 2216 violaverat
781 2172 1077 2228 Amphitrites3

130 2243 313 2279 attamen
335 2235 474 2291 exegit
495 2235 622 2291 longo
644 2241 740 2289 post
762 2240 947 2289 tempore
970 2248 1140 2289 poenas,

130 2304 194 2348 ut,
220 2311 316 2339 cum
340 2311 439 2338 cura
463 2296 528 2337 sui
550 2295 770 2337 veheretur
792 2295 979 2351 coniugis
1004 2294 1101 2344 alto,

130 2359 224 2414 ipsa
246 2364 405 2399 trucem
428 2356 558 2398 multo
581 2357 773 2398 misceret
797 2356 999 2412 sanguine
1022 2361 1195 2411 pontum
1219 2371 1294 2405 —-;

133 2435 208 2462 seu
230 2433 349 2470 vero,
374 2424 420 2460 ut
443 2417 679 2474 perhibent,
703 2418 839 2460 forma
861 2433 957 2460 cum
980 2418 1163 2459 vinceret
1185 2431 1329 2459 omnes

134 2489 174 2524 et
198 2481 370 2537 cupidos
395 2486 571 2534 quaestu
594 2480 753 2536 passim
775 2480 992 2536 popularet
1016 2485 1214 2529 amantes,

132 2543 317 2600 piscibus
342 2548 384 2583 et
407 2541 661 2597 canibusque
684 2541 804 2584 malis
828 2542 981 2584 vallata
1002 2547 1171 2597 repente
1196 2546 1277 2583 est:

133 2604 350 2647 horribiles
375 2604 528 2645 circum
551 2604 656 2645 vidit
680 2618 726 2646 se
751 2603 895 2646 sistere
918 2603 1074 2645 formas
1099 2628 1154 2633 —

135 2666 218 2708 heu
240 2665 431 2721 quotiens
455 2665 602 2707 mirata
624 2679 756 2707 novos
781 2665 979 2720 expalluit
1002 2670 1114 2707 artus

138 2728 229 2784 ipsa
252 2726 369 2771 suos!
395 2727 584 2782 quotiens
607 2726 688 2769 heu
713 2726 923 2782 pertimuit
945 2725 1136 2769 latratusl
1164 2752 1216 2756 ἥ

1384 259 1465 302 361

1496 447 1541 478 45

1503 756 1546 788 50

1506 1067 1548 1098 55

1510 1377 1553 1408 60

1519 2305 1561 2335 75

1516 2612 1560 2644 80
