1774 3068
533 265 792 306 AENEIDOS
812 265 910 302 LIB.
929 265 996 303 IV.

35 368 47 375 ⁴
82 379 172 436 ipse
194 376 304 434 iugis
331 373 489 431 Cynthi
512 372 717 430 graditur,
742 371 938 425 mollique
961 369 1158 411 fluentem

82 441 229 484 fronde
251 438 403 496 premit
426 437 583 479 crinem
606 435 769 491 fingens
794 440 918 488 atque
941 431 1112 487 inplicat
1135 443 1249 479 auro,

83 503 166 546 tela
189 507 337 545 sonant
360 499 564 542 humeris:
588 497 702 543 haud
724 496 796 539 illo
821 495 989 552 segnior
1012 493 1100 536 ibat

82 565 271 616 Aeneas3
297 569 458 606 tantum
482 560 652 618 egregio
676 559 805 601 decus
830 558 958 600 enitet
980 571 1063 599 ore.

83 635 306 685 postquam
329 625 436 668 altos
459 630 632 667 ventum
654 622 699 664 in
721 627 884 664 montes
909 626 1034 675 atque
1058 617 1171 661 invia
1192 616 1336 667 lustra,

85 705 181 732 ecce
204 689 336 738 ferae,
363 686 454 729 saxi
477 686 662 728 deiectae
686 683 860 734 vertice,
886 696 1036 738 caprae
1153 681 1156 683 ’

85 752 301 794 decurrere
324 749 456 806 iugis3
482 748 565 790 alia
588 747 640 788 de
663 752 781 802 parte
804 751 997 801 patentes

86 812 366 861 transmittunt
389 824 515 852 cursu
537 823 707 864 campos
732 813 857 862 atque
881 805 1051 862 agmina
1074 805 1187 847 cervi

84 873 369 932 pulverulenta
392 871 495 928 fuga
516 870 748 928 glomerant
771 873 1018 922 montesque
1041 867 1291 921 relinquunt.

85 946 127 980 at
150 951 254 993 puer
274 934 486 977 Ascanius
510 931 658 974 mediis
683 931 726 972 in
748 929 929 973 vallibus
953 929 1039 971 acri

84 999 238 1057 gaudet
263 1011 388 1052 equo,
413 996 580 1050 iamque
603 994 681 1036 hos
706 1008 849 1043 cursu,
875 993 959 1034 iam
982 991 1177 1048 praeterit
1202 991 1309 1039 illos,

86 1067 430 1118 spumantemque
455 1057 545 1099 dari
567 1071 720 1113 pecora
741 1055 849 1097 inter
871 1054 1020 1097 inertia
1042 1053 1151 1096 votis

85 1131 199 1180 optat
222 1136 369 1178 aprum
393 1125 465 1162 aut
489 1118 653 1161 fulvum
677 1118 929 1160 descendere
952 1123 1094 1159 monte
1119 1116 1298 1158 leonem.

140 1185 306 1227 Interea
327 1197 481 1238 magno
504 1181 670 1223 misceri
692 1195 903 1222 murmure
928 1179 1090 1222 caelum

84 1247 228 1303 incipit
235 1264 246 1298 3
271 1245 502 1301 insequitur
525 1244 750 1287 commixta
772 1243 975 1300 grandine
998 1241 1179 1292 nimbus,

86 1317 128 1352 et
151 1310 268 1365 Tyrii
292 1308 462 1351 comites
486 1307 645 1364 passim
669 1313 710 1349 et
734 1306 917 1348 Troiana
939 1306 1134 1347 iuventus

86 1371 411 1426 Dardaniusque
434 1384 565 1426 nepos
590 1368 768 1411 Veneris
792 1369 958 1410 diversa
980 1382 1056 1423 per
1079 1381 1203 1423 agros

87 1441 197 1478 tecta
218 1441 333 1477 metu
355 1433 513 1490 petiere
520 1449 533 1484 3
556 1438 682 1474 ruunt
706 1432 758 1473 de
781 1430 992 1473 montibus
1018 1444 1175 1471 amnes.

88 1498 330 1555 speluncam
353 1496 469 1538 Dido
494 1495 580 1537 dux
604 1501 646 1536 et
670 1494 878 1536 Troianus
903 1493 1079 1535 eandem

87 1560 325 1603 deveniunt.
349 1559 484 1615 prima
508 1564 549 1600 et
573 1557 717 1599 Tellus
742 1562 784 1599 et
805 1555 996 1613 pronuba
1018 1555 1126 1597 Iuno

89 1624 189 1666 dant
213 1622 398 1680 signum;
423 1621 579 1663 fulsere
602 1621 723 1677 ignes
748 1625 790 1662 et
813 1618 1004 1661 conscius
1030 1617 1172 1660 aether

90 1684 281 1736 conubis,
307 1699 552 1739 summoque
576 1683 788 1725 ulularunt
810 1681 964 1724 vertice
987 1679 1222 1736 Nymphae.

90 1748 159 1790 ille
183 1748 272 1790 dies
295 1747 455 1804 primus
479 1746 551 1788 leti
573 1746 815 1802 primusque
839 1744 1044 1786 malorum

91 1825 242 1852 caussa
263 1809 363 1861 fuit3
387 1823 522 1863 neque
547 1808 657 1850 enim
682 1807 820 1863 specie
844 1806 1010 1848 famave
1033 1811 1236 1855 movetur,

91 1887 169 1914 nec
191 1872 276 1914 iam
299 1871 499 1913 furtivum
522 1870 638 1912 Dido
661 1869 886 1911 meditatur
909 1883 1111 1918 amorem3

93 1934 331 1991 coniugium
355 1939 494 1983 vocat,
520 1932 600 1975 hoc
622 1932 826 1989 praetexit
849 1931 1016 1973 nomine
1041 1930 1219 1986 culpam.

147 1995 373 2052 Extemplo
395 1995 560 2051 Libyae
584 2010 760 2052 magnas
783 1994 816 2036 it
837 1994 972 2036 Fama
993 2008 1070 2049 per
1091 1992 1231 2043 urbes,

93 2059 244 2109 Fama,
268 2058 425 2100 malum
448 2072 531 2112 qua
554 2072 638 2099 non
661 2057 775 2099 aliud
797 2056 982 2098 velocius
1007 2055 1158 2106 ullum3

94 2119 322 2163 mobilitate
344 2120 459 2176 viget
483 2119 674 2174 viresque
698 2119 878 2174 adquirit
902 2118 1058 2169 eund03

96 2197 224 2238 parva
246 2188 362 2223 metu
382 2182 536 2237 primo,
561 2197 661 2224 mox
685 2196 778 2223 sese
802 2181 951 2223 attollit
972 2181 1017 2222 in
1041 2194 1177 2229 auras,

97 2243 407 2300 ingrediturque
431 2243 520 2286 solo
545 2250 586 2285 et
609 2249 734 2299 caput
756 2243 864 2284 inter
886 2242 1030 2284 nubila
1052 2241 1205 2283 condit.

98 2305 212 2347 illam
235 2304 367 2345 Terra
388 2319 559 2359 parens,
583 2305 645 2346 ira
667 2305 834 2346 inritata
857 2304 1042 2354 deorum,

101 2372 326 2408 extremam
334 2397 345 2416 ,
370 2372 416 2406 ut
438 2365 674 2421 perhibent,
701 2365 816 2408 Coeo
839 2365 1137 2419 Enceladoque
1162 2378 1343 2406 sororem
1366 2416 1368 2418 .

101 2427 336 2484 progenuit,
361 2427 539 2483 pedibus
565 2427 740 2469 celerem
765 2433 805 2468 et
827 2426 1064 2482 pernicibus
1089 2426 1179 2476 alis,

1367 252 1448 293 153

101 2495 331 2532 monstrum
339 2489 603 2539 horrendum,
615 2489 777 2545 ingens,
791 2488 870 2538 cui,
884 2494 985 2542 quot
997 2493 1093 2530 sunt
1104 2501 1273 2543 corpore
1284 2486 1463 2542 plumae,

102 2558 162 2594 tot
184 2551 332 2608 vigiles
357 2551 466 2594 oculi
490 2550 649 2601 subter,
674 2550 861 2592 mirabile
886 2550 1012 2600 dictu,

103 2619 164 2656 tot
185 2614 372 2671 linguae,
398 2613 571 2656 totidem
596 2628 670 2655 ora
694 2620 860 2663 sonant,
885 2618 947 2654 tot
970 2611 1147 2667 subrigit
1170 2611 1294 2654 auris.

103 2683 224 2719 nocte
246 2676 360 2719 volat
383 2677 487 2719 caeli
511 2676 648 2718 medio
673 2682 888 2730 terraeque
910 2690 985 2731 per
1008 2674 1199 2716 umbram

107 2738 301 2790 stridens,
326 2754 403 2782 nec
426 2739 537 2782 dulci
561 2738 739 2781 declinat
761 2738 918 2780 lumina
943 2752 1088 2781 somno
1095 2753 1107 2788 3

1478 564 1542 595 150

1482 878 1545 908 155

1484 1190 1547 1220 160

1486 1504 1549 1534 165

1489 1816 1553 1847 170

1490 2128 1553 2157 175

1493 2436 1555 2467 180

1492 2750 1555 2780 185
