1780 3074
569 290 827 328 AENEIDOS
845 291 942 326 LIB.
962 292 1007 328 V.

104 397 364 454 signavitque
389 396 499 438 viam
523 395 721 445 flammis,
747 394 967 450 tenuisque
990 396 1162 438 recessit

102 465 349 515 consumpta
371 459 416 500 in
438 463 605 500 ventos:
631 457 746 499 caelo
771 472 848 499 ceu
872 472 997 513 saepe
1021 458 1151 500 refixa

102 528 386 564 transcurrunt
409 521 647 574 crinemque
671 519 853 561 volantia
877 520 1013 562 sidera
1036 520 1204 562 ducunt.

102 583 283 627 attonitis
307 583 479 625 haesere
503 582 671 632 animis,
698 597 954 638 superosque
977 583 1134 637 precati

103 645 306 688 Trinacrii
331 644 565 699 Teucrique
588 644 685 695 viri;
708 659 787 686 nec
810 645 1017 686 maximus
1042 659 1165 686 omen

102 708 247 751 abnuit
270 707 458 758 Aeneas,
486 707 560 748 scd
582 707 738 748 laetum
762 706 979 762 amplexus
1003 705 1191 749 Acesten

103 770 344 812 muneribus
370 769 554 811 cumulat
576 768 740 824 magnis
766 782 815 810 ac
840 768 939 810 talia
962 768 1091 810 fatur:

105 847 267 883 ‚.sume,
292 838 410 887 pater
418 847 429 881 3
454 846 551 872 nam
575 836 616 872 te
639 830 771 872 voluit
793 845 868 872 rex
890 845 1069 886 magnus
1097 829 1271 887 Olympi

103 894 253 936 talibus
279 893 474 948 auspiciis
499 898 707 934 exsortem
732 892 882 934 ducere
906 892 1098 934 honores.

101 956 232 1012 ipsius
256 954 469 998 Anchisae
492 954 686 1011 longaevi
709 954 790 996 hoc
812 970 965 997 munus
990 955 1178 1006 habebis,

103 1023 261 1060 cratera
283 1018 518 1073 inpressum
543 1016 692 1072 signis,
717 1031 843 1071 quem
868 1017 1072 1059 Thracius
1099 1017 1198 1059 olim

102 1079 315 1122 Anchisae
338 1078 515 1136 genitori
536 1079 580 1120 in
603 1094 757 1135 magno
781 1093 952 1121 munere
978 1078 1152 1121 Cisseus

103 1142 209 1183 ferre
235 1141 300 1183 sui
323 1141 492 1183 dederat
515 1146 831 1182 monumentum
860 1147 902 1183 et
924 1141 1078 1197 pignus
1104 1141 1297 1183 amoris.“

105 1205 164 1246 sic
187 1204 299 1246 fatus
325 1204 453 1261 cingit
475 1204 669 1246 viridanti
693 1211 881 1261 tempora
903 1205 1020 1247 lauro

104 1272 145 1308 et
167 1266 348 1322 primum
372 1272 466 1308 ante
491 1266 625 1308 omnis
648 1266 847 1309 victorem
871 1267 1053 1323 adpellat
1076 1266 1276 1310 Acesten.

104 1342 182 1370 nec
203 1328 338 1370 bonus
363 1327 569 1384 Eurytion
591 1329 776 1384 praelato
804 1329 953 1370 invidit
975 1329 1148 1379 honori,¹

103 1390 295 1444 quamvis
321 1390 433 1432 solus
459 1405 579 1432 avem
603 1390 718 1432 caelo
742 1391 892 1432 dciccit
915 1390 968 1433 ab
993 1391 1090 1433 alto.

105 1451 317 1506 proximus
341 1451 570 1508 ingreditur
593 1451 731 1502 donis,
757 1452 830 1506 qui
853 1452 1019 1494 vincula
1041 1453 1164 1508 rupit,

105 1520 333 1564 extremus,
358 1514 518 1556 volucri
542 1514 614 1568 qui
638 1514 728 1555 fixit
752 1514 952 1556 arundine
977 1515 1146 1556 malum.

160 1575 222 1618 At
244 1582 363 1631 pater
385 1575 555 1618 Aeneas
580 1576 765 1618 nondum
790 1576 1013 1618 certamine
1038 1576 1168 1619 misso

105 1638 322 1680 custodem
346 1638 400 1680 ad
424 1653 516 1680 sese
541 1638 817 1693 comitemque
841 1638 1008 1694 inpubis
1033 1638 1115 1680 Iuli

71 1714 73 1716 “
105 1699 319 1756 Epytiden
341 1706 463 1742 vocat
487 1707 527 1741 et
550 1700 678 1742 fidam
703 1700 763 1742 sic
786 1699 898 1741 fatur
921 1700 974 1742 ad
999 1715 1160 1742 aurem:

108 1761 239 1813 „vade
264 1776 361 1817 age,
387 1768 428 1803 et
450 1760 658 1812 Ascanio,
684 1761 720 1804 si
743 1762 827 1804 iam
850 1762 1008 1818 puerile
1031 1768 1223 1818 paratum

106 1837 257 1879 agmen
279 1822 406 1865 habet
430 1838 591 1874 secum,
617 1838 849 1878 cursusque
872 1824 1068 1866 instruxit
1092 1839 1306 1879 equorum,

105 1886 230 1927 ducat
253 1900 332 1927 avo
356 1890 512 1927 turmas
537 1892 579 1927 et
602 1901 695 1928 sese
720 1886 913 1928 ostendat
935 1886 980 1927 in
1002 1886 1142 1937 armis,

105 1946 203 1988 dic“
230 1947 299 1988 ait.
325 1947 414 2002 ipse
439 1962 605 1989 omnem
628 1947 754 2004 longo
779 1948 980 1990 decedere
1005 1948 1113 1990 circo

105 2007 290 2050 infusum
313 2009 515 2064 populum
538 2016 580 2051 et
603 2015 773 2065 cam‘pos
798 2008 914 2051 iubet
938 2024 1031 2052 esse
1054 2015 1259 2065 patentes.

105 2069 300 2111 incedunt
322 2070 458 2125 pueri,
483 2070 718 2126 pariterque
742 2077 838 2112 ante
863 2086 935 2113 ora
957 2077 1178 2127 parentum

106 2130 276 2173 frenatis
299 2131 438 2173 lucent
460 2132 506 2173 in
529 2132 666 2186 equis,
692 2147 798 2187 quos
822 2132 957 2175 omnis
983 2133 1119 2175 euntis

107 2191 345 2235 Trinacriae
368 2194 515 2236 mirata
537 2194 677 2236 fremit
701 2195 934 2249 Troiaeque
957 2195 1165 2237 iuventus.

107 2253 300 2295 omnibus
323 2254 368 2294 in
389 2269 548 2296 morem
571 2261 693 2297 tonsa
716 2270 836 2297 coma
857 2271 1004 2311 pressa
1028 2271 1199 2306 corona3

108 2328 258 2356 cornea
279 2314 379 2356 bina
401 2315 540 2357 ferunt
561 2316 746 2370 praefixa
768 2316 934 2359 hastilia
957 2318 1079 2368 ferro,

108 2389 204 2430 pars
229 2374 332 2417 levis
357 2375 529 2418 humero
553 2377 788 2431 pharetras3
813 2378 845 2419 it
866 2384 1034 2433 pectore
1059 2394 1223 2420 summo

108 2435 256 2478 flexilis
282 2435 434 2478 obtorti
456 2451 531 2492 per
555 2437 707 2478 collum
731 2438 909 2479 circulus
935 2439 1036 2480 auri.

109 2505 191 2539 tres
216 2497 402 2552 equitum
424 2512 597 2540 numero
621 2504 799 2549 turmae,
824 2499 1012 2553 ternique
1036 2507 1242 2555 vagantur

110 2559 300 2601 ductores
308 2575 320 2610 3
343 2559 463 2615 pueri
486 2559 551 2601 bis
576 2560 666 2601 seni
689 2574 898 2614 quemque
923 2561 1055 2602 secuti

110 2621 274 2677 agmine
298 2621 448 2677 partito
472 2621 635 2678 fulgent
658 2621 912 2677 paribusque
936 2622 1160 2678 magistris.

110 2697 194 2724 una
215 2683 324 2725 acies
349 2683 563 2734 iuvenum,
589 2684 703 2726 ducit
726 2699 852 2739 quam
875 2699 1029 2740 parvus
1054 2691 1246 2726 ovantem

111 2757 262 2786 nomen
285 2745 351 2786 avi
375 2745 557 2787 referens
582 2745 794 2797 Priamus,
820 2752 891 2788 tua
915 2746 1041 2797 clara,
1067 2746 1214 2797 Polite,

1387 283 1465 325 181

1498 659 1563 690 530

1499 972 1562 1002 535

1500 1283 1565 1312 540

1500 1592 1564 1622 545

1500 1902 1565 1931 550

1501 2210 1566 2240 555

1502 2516 1567 2546 560
