1820 3054
403 282 486 325 354
803 290 844 323 P.
863 287 1094 324 VERGILII
1110 285 1335 323 MARONIS

401 391 555 432 lumina
576 388 755 444 respexit
779 393 1008 442 serpentem
1032 386 1278 437 comminus3
1307 386 1402 428 inde

400 451 576 507 inpiger,
602 448 818 498 exanimis,
843 448 914 489 vix
937 461 1104 502 compos
1127 452 1263 489 mente
1285 447 1450 503 refugit,

315 523 378 555 190
401 518 441 552 et
462 510 642 552 validum
666 510 808 550 dextra
830 514 1018 550 truncum
1042 508 1216 550 detraxit
1238 507 1290 550 ab
1314 523 1414 551 orno
1436 532 1491 540 ·-

400 571 465 612 cui
488 585 607 612 casus
632 569 794 611 sociarit
817 583 938 624 opem
960 583 1163 610 numenve
1187 569 1368 619 deorum,

397 631 568 686 prodere
592 631 644 673 sit
667 630 854 680 dubium3
878 630 1007 672 voluit
1030 630 1104 672 sed
1126 630 1287 672 vincere
1310 630 1402 672 talis

397 691 561 732 horrida
584 690 792 745 squamosi
814 690 1021 732 volventia
1043 689 1227 732 membra
1249 690 1456 740 draconis;
1480 715 1534 721 —

397 757 519 804 atque
540 750 775 793 reluctantis
800 751 951 793 crebris
975 751 1176 805 foedeque
1198 751 1373 806 petentis

312 824 374 854 195
398 810 546 853 ictibus
570 826 665 853 ossa
687 811 799 862 ferit,
825 812 994 868 cingunt
1016 825 1098 866 qua
1120 817 1303 866 tempora
1325 811 1470 853 cristae
1476 828 1489 858 ς

397 878 438 913 et
460 872 570 927 quod
594 878 679 914 erat
701 872 860 923 tardus,
887 873 1019 914 somni
1041 872 1236 928 languore
1258 878 1428 922 remoto,

394 946 472 974 nec
493 933 606 988 prius
631 933 831 988 aspiciens
856 933 1018 975 timidos
1042 938 1278 975 caecaverat
1301 939 1426 983 artus,

395 992 475 1034 hoc
497 993 631 1035 minus
654 994 838 1049 inplicuit
861 994 948 1035 dira
970 994 1186 1035 formidine
1209 999 1400 1035 mentem.

396 1066 518 1106 quem
540 1059 758 1108 postquam
781 1053 882 1094 vidit
905 1068 1070 1095 caesum
1092 1054 1378 1109 languescere,
1404 1053 1520 1094 sedit.

308 1124 373 1156 200
450 1112 541 1154 Iam
565 1114 694 1167 quatit
718 1119 758 1155 et
780 1113 930 1169 biiugis
955 1114 1087 1155 oriens
1110 1113 1286 1155 Erebois
1311 1127 1438 1168 equos
1462 1128 1545 1155 nox

396 1178 437 1214 et
457 1173 575 1228 piger
597 1179 738 1215 aurata
759 1175 942 1228 procedit
964 1188 1111 1229 vesper
1133 1174 1185 1216 ab
1211 1173 1332 1224 Oeta,

396 1247 490 1275 cum
512 1248 638 1289 grege
662 1234 873 1289 compulso
894 1242 1052 1289 pastor,
1078 1234 1378 1289 duplicantibus
1401 1233 1569 1283 umbris,

394 1293 507 1335 vadit
531 1299 571 1334 et
593 1293 635 1334 in
658 1293 792 1336 fessos
815 1296 997 1348 requiem
1021 1295 1117 1336 dare
1142 1300 1350 1349 comparat
1373 1299 1498 1335 artus.

395 1352 512 1394 cuius
535 1358 582 1394 ut
604 1353 768 1395 intravit
790 1354 919 1396 levior
940 1369 1014 1409 per
1037 1369 1206 1409 corpora
1229 1368 1410 1404 somnus,

307 1425 370 1457 205
393 1413 668 1469 languidaque
693 1414 825 1455 effuso
848 1415 1082 1468 requierunt
1104 1414 1289 1456 membra
1312 1429 1471 1470 sopore,

394 1473 552 1529 effigies
576 1474 630 1515 ad
652 1488 747 1515 eum
770 1474 910 1516 culicis
935 1475 1098 1517 devenit
1121 1481 1160 1517 et
1182 1475 1242 1516 illi

393 1533 519 1575 tristis
543 1533 594 1576 ab
619 1539 767 1576 eventu
790 1535 936 1576 cecinit
959 1535 1143 1577 convicia
1165 1535 1320 1577 mortis.

392 1594 541 1648 inquit:
568 1595 685 1649 „quis
709 1595 863 1637 meritis
887 1596 941 1638 ad
962 1610 1068 1650 quae
1091 1596 1250 1638 delatus
1274 1596 1441 1638 acerbas

393 1668 518 1710 cogor
540 1655 651 1696 adire
674 1655 812 1697 vices?
834 1661 906 1697 tua
927 1656 1026 1697 dum
1048 1656 1148 1698 mihi
1172 1657 1303 1699 carior
1322 1656 1415 1712 ipsa

306 1727 370 1758 210
392 1714 477 1756 vita
498 1714 576 1756 fuit
598 1715 701 1765 vita,
725 1716 863 1771 rapior
883 1730 958 1771 per
979 1717 1116 1758 inania
1138 1716 1308 1759 Averni.

392 1781 438 1816 tu
460 1775 595 1817 lentus
617 1775 780 1818 refoves
803 1776 983 1818 iucunda
1005 1777 1189 1819 membra
1210 1778 1359 1831 quiete,

391 1841 554 1890 ereptus
579 1836 721 1878 taetris
745 1850 769 1878 e
792 1836 996 1887 cladibus3
1020 1844 1062 1879 at
1084 1853 1178 1880 mea
1199 1853 1341 1880 manes

390 1896 550 1937 viscera
571 1896 778 1939 Lethaeas
803 1903 956 1952 cogunt
979 1903 1188 1939 transnare
1211 1913 1286 1953 per
1306 1899 1457 1941 undas:

389 1958 542 2012 praeda
566 1956 784 2000 Chai-ontis
808 1973 920 2013 agor.
944 1959 1030 2000 vidi
1051 1965 1098 2000 ut
1119 1959 1334 2015 flagrantia
1356 1961 1485 2003 taedis

303 2029 367 2060 215
390 2017 530 2059 limina
553 2018 767 2059 conlucent
788 2018 958 2060 infernis
982 2019 1120 2060 omnia
1141 2019 1317 2074 templis.

391 2077 512 2119 obvia
535 2077 780 2133 Tisiphone,
804 2079 1060 2135 serpentibus
1083 2079 1263 2134 undique
1286 2085 1461 2135 compta,

390 2143 431 2180 et
452 2138 639 2181 flammas
663 2145 704 2180 et
728 2153 851 2181 saeva
873 2140 1004 2194 quatit
1026 2140 1127 2182 mihi
1147 2139 1319 2182 verbera
1339 2154 1508 2196 poenae,

391 2197 596 2241 Cerberus
621 2205 661 2241 et
683 2200 781 2242 diris
804 2200 978 2256 flagrant
998 2200 1211 2243 latratibus
1235 2215 1318 2251 ora,

389 2259 591 2315 anguibus
614 2259 710 2302 hinc
733 2266 855 2315 atque
877 2261 973 2303 hinc
994 2261 1160 2304 horrent
1182 2262 1249 2304 cui
1271 2261 1377 2304 colla
1397 2262 1572 2313 reflexis,

302 2331 367 2362 220
391 2321 685 2376 sanguineique
707 2322 859 2363 micant
882 2322 1068 2364 ardorem
1089 2322 1254 2364 luminis
1278 2322 1411 2364 orbes.

389 2380 488 2431 heu,
513 2381 612 2436 quid
634 2381 686 2424 ab
711 2382 848 2424 officio
871 2383 1057 2439 digressa
1080 2389 1143 2425 est
1164 2383 1313 2439 gratia,
1338 2397 1433 2424 cum
1455 2389 1496 2424 te

388 2441 548 2483 restitui
571 2442 729 2498 superis
751 2442 823 2485 leti
845 2442 928 2485 iam
949 2443 1088 2485 limine
1111 2443 1164 2486 ab
1186 2443 1303 2499 ipso?

387 2503 569 2558 praemia
592 2509 688 2545 sunt
709 2504 872 2559 pietatis
895 2503 985 2555 ubi,
1008 2504 1171 2560 pietatis
1194 2505 1396 2547 honores?

387 2563 431 2605 in
452 2578 580 2606 vanas
603 2563 739 2607 abiere
762 2564 874 2608 vices
898 2571 940 2607 et
960 2580 1054 2607 rure
1075 2566 1246 2608 recessit

301 2634 364 2666 225
386 2623 540 2666 iustitia
562 2630 602 2666 et
622 2624 733 2680 prior
753 2625 824 2668 illa
844 2625 961 2668 fides.
986 2626 1178 2668 instantia
1199 2626 1285 2668 vidi

388 2683 571 2726 alterius:
597 2685 683 2727 sine
705 2692 894 2742 respectu
915 2701 1010 2730 mea
1031 2687 1117 2729 fata
1137 2687 1369 2742 relinquens
