1748 3048
361 308 480 338 XXVI
921 307 1127 334 PRAEFATIO

491 414 617 448 regum
630 402 814 447 aequabat
827 411 916 444 opes
929 399 1070 444 animis,
1086 411 1239 446 seraque
1252 406 1437 439 revertens

490 457 598 488 noete
613 453 757 486 domum
771 450 928 495 dapibus
940 460 1086 484 mensas
1100 451 1279 486 onerabat
1289 452 1469 499 inemptis.

359 505 415 539 De
429 515 502 550 quo
517 514 626 548 quum
637 505 748 546 poeta
759 500 926 545 pluribus
940 499 1096 545 egisset,
1110 501 1203 536 haee
1216 502 1360 538 addidit
1369 515 1402 539 v.
1416 504 1497 539 147:

490 563 614 587 verum
627 552 719 585 haee
733 550 812 594 ipse
826 549 996 594 equidem
1011 549 1139 594 spatiis
1153 551 1323 586 exclusus
1336 551 1471 599 iniquis

486 604 676 646 praetereo
690 602 800 644 atque
815 598 896 632 aliis
909 602 995 643 post
1006 610 1063 634 me
1076 601 1312 636 memoranda
1324 601 1503 648 relinquo.

355 652 457 693 Quae
481 650 594 684 verba
610 653 652 682 ut
675 659 802 682 ansam
827 648 996 682 carminis
1019 649 1207 694 pangendi
1225 650 1313 685 dare
1330 654 1546 697 potuerunt,
1570 653 1623 689 ita
1640 665 1683 689 ex

354 701 483 734 iisdem
497 709 629 733 caussa
641 698 802 742 petenda
816 701 884 741 est,
899 708 964 732 eur
976 698 1225 733 dulcissimum
1237 700 1449 744 poemation
1459 700 1683 747 Vergilianis

354 747 527 794 operibus
546 747 710 782 additum
725 747 781 781 sit.
795 767 834 772 —
852 747 1037 788 Quantum
1056 751 1178 782 autem
1194 749 1318 794 potui,
1343 750 1522 786 lectiones
1535 750 1683 786 Colber-

352 799 509 833 tinorum
515 796 688 842 priorum,
697 796 867 831 Thuanei
872 796 978 841 primi
987 800 1024 831 et
1031 797 1138 831 trium
1147 798 1481 843 Tegernseensium
1488 800 1653 835 codicum
1662 811 1684 835 a.

351 847 543 882 Ludovieo
570 847 615 881 de
632 845 699 881 Ian
716 845 756 880 in
773 857 880 880 usum
899 844 1031 892 Silligii
1051 847 1269 882 collatorum
1292 848 1466 893 expressi.
1521 849 1682 891 Quorum

351 902 473 932 tamen
487 896 666 941 scriptura
678 895 815 940 ubique
835 898 986 930 enotata
999 895 1063 940 sit,
1076 896 1198 931 habeo
1217 897 1318 941 quod
1337 897 1517 942 dubitem,
1531 909 1575 932 ae
1584 925 1593 942 ,
1611 898 1683 933 nisi

352 946 472 982 omnia
490 956 546 980 me
566 945 717 990 fallunt,
742 945 779 979 hi
799 955 963 990 quoque,
988 949 1030 979 ut
1049 945 1162 980 ceteri
1175 946 1303 991 optimi
1317 945 1519 981 Colbertini
1532 947 1680 994 aliique,

350 1008 384 1030 v,
397 997 441 1030 60
447 996 612 1040 providus
624 996 713 1029 aeris
725 995 785 1029 vel
795 995 920 1039 potius
933 995 1000 1029 eris
1010 995 1203 1030 habebunt
1219 1006 1287 1040 pro
1299 995 1426 1041 inepta
1444 1007 1538 1041 quae
1551 997 1681 1031 hucus-

351 1057 423 1091 que
447 1045 635 1080 ferebatur
657 1044 817 1079 lectione
835 1046 1002 1089 providus
1023 1047 1135 1086 heros,
1160 1055 1233 1090 quo
1251 1048 1361 1090 paeto
1377 1044 1534 1080 Calchas
1552 1046 1681 1080 merito

349 1099 583 1140 nuncupatur
600 1106 622 1129 a
642 1094 759 1130 Statio
773 1094 894 1130 Theb.
907 1094 973 1139 IV,
988 1095 1064 1129 197.
1111 1094 1285 1129 Similiter
1302 1095 1538 1130 consentiunt
1555 1095 1682 1140 optimi

350 1145 485 1190 quique
506 1145 589 1179 libri
606 1144 644 1179 in
657 1155 718 1189 eo,
744 1145 845 1190 quod
863 1148 952 1189 post
967 1155 1112 1179 versum
1124 1144 1177 1179 74.
1193 1145 1334 1179 addunt
1352 1146 1532 1190 crescitque
1549 1146 1583 1178 in
1601 1156 1682 1179 acu-

348 1196 440 1229 mina
463 1195 574 1228 radz‘x.
622 1194 764 1235 Quibus
788 1194 912 1229 verbis
936 1194 1108 1229 versiculi
1133 1195 1180 1229 ab
1206 1194 1286 1239 ipso
1305 1197 1417 1239 poeta
1435 1194 1523 1228 faeti
1541 1197 1681 1239 partem

349 1243 538 1288 contineri,
553 1244 621 1278 etsi
634 1248 740 1278 acute
753 1248 863 1289 atque
876 1247 918 1278 ut
929 1255 1012 1279 reor
1025 1244 1214 1279 evidenter
1226 1243 1489 1278 demonstravit
1495 1243 1680 1288 Hauptius

349 1294 514 1335 Quaestt.
529 1293 606 1328 Cat.
618 1306 655 1339 p.
666 1294 710 1328 50
724 1306 789 1340 sq„
810 1298 1006 1339 propterea
1017 1298 1139 1329 tamen
1148 1321 1157 1339 ,
1172 1295 1272 1340 quod
1284 1294 1378 1330 haee
1391 1295 1516 1339 verba,
1529 1297 1571 1329 ut
1582 1305 1679 1328 nunc

348 1343 530 1388 leguntur,
546 1344 803 1378 sententiarum
814 1355 1016 1378 connexum
1028 1344 1176 1379 turbare
1185 1343 1302 1390 magis
1310 1355 1420 1390 quam
1427 1343 1599 1379 adiuvare
1607 1355 1679 1380 ma-

346 1392 519 1427 nifestum
531 1396 603 1437 est,
618 1393 785 1427 consulto
800 1404 843 1428 ea
857 1393 1053 1427 omisimus.
