1734 3074
552 288 850 328 GEORGICON
869 288 966 324 LIB.
986 289 1014 323 Ι.

98 401 198 451 illic,
226 398 411 441 officiant
435 396 554 438 laetis
579 409 631 436 ne
655 393 847 451 frugibus
871 391 1037 442 herbae,

98 464 184 513 hic,
211 460 392 504 sterilem
417 459 594 515 exiguus
618 471 671 499 ne
695 457 859 499 deserat
881 456 1031 497 humor
1054 469 1234 497 arenam.

153 523 340 566 Alternis
364 522 476 563 idem
500 527 642 562 tonsas
667 533 831 561 cessare
854 517 1038 568 novales,

98 593 140 629 et
162 600 334 642 segnem
357 584 515 640 patiere
540 582 622 625 situ
645 582 864 624 durescere
888 595 1102 636 campum3

97 654 170 691 aut
191 647 251 690 ibi
273 647 382 688 flava
407 660 519 688 seres
543 650 701 686 mutato
726 644 860 686 sidere
884 642 1007 691 farra,

98 711 209 753 unde
231 709 347 765 prius
371 708 526 750 laetum
551 707 700 761 siliqua
722 712 947 760 quassante
971 705 1178 760 legumen,

34 778 36 782 ’
98 779 170 816 aut
194 771 328 814 tenuis
353 770 463 812 fetus
486 769 618 811 viciae
642 768 853 821 tristisque
875 766 1007 822 lupini

101 833 316 877 sustuleris
339 831 500 888 fragilis
524 830 706 873 calamos
731 829 961 883 silvamque
986 834 1214 870 sonantem.

31 932 35 940 .
98 896 181 938 urit
203 894 314 937 enim
335 893 410 935 lini
433 907 626 948 campum
650 905 792 948 seges,
816 891 899 932 urit
921 905 1090 940 avenae,

100 963 224 1000 urunt
246 955 436 998 Lethaeo
459 954 631 1010 perfusa
651 967 863 1010 papavera
886 967 1045 995 somno.

28 1023 40 1056 ἕ
102 1019 177 1062 sed
199 1025 339 1061 tamen
361 1017 528 1060 alternis
552 1015 687 1058 facilis
710 1015 848 1066 labor3
872 1014 988 1057 arida
1011 1019 1172 1056 tantum

101 1097 154 1125 ne
178 1088 362 1124 saturare
385 1080 484 1122 fimo
507 1079 654 1136 pingui
676 1079 832 1135 pudeat
855 1077 963 1128 sola,
987 1091 1094 1119 neve

42 1167 43 1183 2
99 1145 244 1187 effetos
269 1144 449 1186 cinerem
470 1142 716 1184 inmundum
739 1141 891 1184 iactare
914 1155 989 1196 per
1011 1154 1148 1196 agros.

102 1206 162 1249 sic
184 1220 350 1261 quoque
374 1204 544 1247 mutatis
567 1204 834 1259 requiescunt
856 1202 1011 1245 fetibus
1036 1217 1148 1252 arva,

100 1283 178 1311 nec
199 1268 314 1310 nulla
335 1267 494 1309 interea
517 1272 582 1309 est
603 1267 786 1308 inaratae
809 1265 944 1323 gratia
967 1271 1113 1307 terrae.

103 1345 227 1386 saepe
252 1329 377 1372 etiam
402 1329 562 1371 steriles
585 1328 806 1371 incendere
828 1327 986 1383 profuit
1008 1342 1132 1383 agros

101 1399 226 1447 atque
248 1391 385 1433 levem
410 1390 607 1446 stipulam
629 1389 926 1446 crepitantibus
950 1403 1069 1431 urere
1093 1388 1290 1430 flammis:

39 1469 40 1472 ¹
103 1454 190 1496 sive
213 1453 310 1495 inde
334 1452 517 1495 occultas
540 1453 650 1495 vires
675 1458 717 1494 et
738 1451 893 1508 pabula
915 1457 1048 1493 terrae

16 1530 33 1576 »g
101 1515 271 1572 pinguia
294 1514 548 1569 concipiunt,
574 1514 662 1557 sive
684 1514 765 1556 illis
790 1527 911 1556 omne
934 1527 1010 1569 per
1031 1513 1174 1569 ignem

0 1580 39 1636 {¹
104 1576 348 1631 excoquitur
369 1576 518 1618 vitium
541 1581 666 1631 atque
690 1575 867 1619 exsudat
889 1575 1046 1617 inutilis
1070 1575 1239 1625 humor3

103 1653 178 1682 seu
198 1638 329 1694 pluris
353 1637 466 1680 calor
487 1637 557 1680 ille
580 1637 671 1680 vias
696 1644 738 1680 et
761 1652 885 1680 caeca
907 1637 1065 1679 relaxat

18 1722 31 1750 χ
103 1700 372 1756 spiramenta,
395 1714 526 1742 novas
550 1699 690 1741 veniat
713 1714 797 1754 qua
820 1713 947 1741 sucus
970 1699 1015 1740 in
1037 1697 1201 1748 herbas,

105 1776 180 1804 seu
203 1762 325 1803 durat
347 1761 482 1818 magis
508 1767 549 1803 et
571 1775 700 1804 venas
725 1761 947 1817 adstringit
967 1760 1134 1811 hiantis,

104 1838 156 1866 ne
180 1830 326 1866 tenues
348 1823 515 1879 pluviae
538 1824 725 1880 rapidive
747 1824 932 1880 potentia
956 1823 1055 1866 solis

33 1897 38 1945 j
105 1885 254 1936 acrior,
280 1891 352 1927 aut
374 1884 523 1927 boreae
546 1885 801 1941 penetrabile
825 1885 959 1942 frigus
985 1885 1143 1927 adurat.

159 1946 344 1988 Multum
367 1947 491 1998 adeo,
515 1948 658 1990 rastris
682 1947 852 2004 glaebas
877 1947 949 2002 qui
972 1946 1128 2004 frangit
1149 1946 1315 1997 inertes,

109 2009 388 2064 vimineasque
411 2009 536 2051 trahit
559 2016 712 2061 crates,
735 2010 852 2052 iuvat
875 2025 992 2052 arva·
1017 2024 1152 2064 neque
1175 2009 1294 2051 illum

33 2078 37 2129 ᾗ
105 2070 213 2112 flava
237 2070 366 2113 Ceres
390 2071 473 2114 alto
497 2072 751 2127 nequiquam
774 2078 935 2128 spectat
959 2070 1162 2128 Olympo,

106 2138 146 2174 et
169 2133 258 2187 qui,
282 2133 490 2188 proscisso
513 2148 621 2188 quae
645 2134 819 2177 suscitat
841 2148 1019 2190 aequore
1043 2140 1172 2190 terga,

19 2197 36 2236 ἐζ
105 2209 248 2236 rursus
270 2194 316 2236 in
338 2195 552 2250 obliquum
575 2211 698 2239 verso
721 2197 951 2252 perrumpit
974 2202 1122 2247 aratro,

106 2262 350 2310 exercetque
372 2256 569 2312 frequens
594 2258 783 2300 tellurem
805 2265 931 2313 atque
953 2258 1129 2314 imperat
1152 2257 1276 2299 arvis.

159 2316 349 2359 Humida
373 2318 547 2362 solstitia
569 2326 694 2374 atque
717 2320 875 2363 hiemes
900 2326 1013 2362 orate
1037 2334 1218 2369 serenas,

107 2378 332 2434 agricolae:
355 2378 527 2422 hiberno
550 2381 777 2424 laetissima
799 2382 970 2437 pulvere
993 2381 1116 2431 farra,

108 2439 239 2482 laetus
264 2455 376 2497 ager.
400 2441 515 2484 nullo
538 2448 698 2484 tantum
722 2458 767 2485 se
790 2442 934 2499 Mysia
957 2443 1071 2486 cultu

109 2501 231 2545 iactat
254 2477 316 2545 eto
318 2503 410 2559 ipsa
434 2519 532 2546 suas
555 2504 756 2547 mirantur
779 2503 969 2561 Gargara
991 2519 1164 2547 messes.

109 2564 208 2618 quid
231 2565 386 2617 dicam,
411 2567 519 2609 iacto
543 2567 615 2622 qui
639 2568 797 2610 semine
821 2567 1052 2610 comminus
1077 2582 1177 2609 arva

109 2625 335 2682 insequitur
358 2629 628 2684 cumulosque
651 2630 734 2671 ruit
755 2630 863 2672 male
886 2630 1054 2686 pinguis
1078 2629 1251 2671 arenae?

110 2687 256 2732 deinde
280 2691 380 2734 satis
404 2692 577 2734 fiuvium
599 2693 758 2735 inducit
778 2693 973 2748 rivosque
997 2693 1220 2748 sequentis,

113 2754 169 2800 et,
193 2764 288 2794 cum
310 2759 482 2797 exustus
507 2769 608 2811 ager
630 2755 899 2798 morientibus
923 2762 1085 2798 aestuat
1107 2754 1260 2806 herbis,

1409 277 1461 319 31

1490 467 1531 498 70

1435 782 1534 811 -75

1493 1090 1536 1120 80

1496 1711 1538 1741 90

1499 2333 1561 2364 100

1498 2644 1560 2675 105
