1800 3080
691 270 874 308 CULEX.

95 380 148 423 ad
171 378 322 436 pariles
347 391 451 434 agor
473 381 659 419 eventus.
684 375 732 417 fit
754 387 890 430 poena
911 371 1103 415 merenti!

93 457 230 499 poena
253 440 307 483 sit
330 439 520 482 exitium:
545 437 669 479 modo
694 436 748 479 sit
771 436 871 478 dum
894 440 1015 492 grata
1035 433 1242 484 voluntas,
1291 470 1295 473 .

94 503 269 546 exsistat
290 517 367 558 par
390 500 586 544 officium.
612 498 724 541 feror
746 498 840 540 avia
863 511 1052 553 carpens,

95 565 190 607 avia
214 562 462 607 Cimmerios
485 562 592 603 inter
614 559 810 602 distantia
831 559 968 601 lucos:

95 641 221 681 quem
245 626 354 667 circa
376 624 514 666 tristes
538 623 764 665 densentur
785 621 830 663 in
853 620 992 664 omnia
1013 633 1186 676 poenae.

95 704 194 731 nam
217 687 381 729 vinctus
406 686 523 728 sedet
543 684 723 727 inmanis
749 681 1011 739 serpentibus
1038 679 1163 731 Otos,

95 750 333 792 devinctum
357 753 542 790 maestus
566 745 712 803 procul
736 745 942 801 aspiciens
965 743 1204 800 Ephialten,

97 812 234 855 conati
258 811 467 865 quondam
490 823 585 851 cum
611 808 693 850 sint
714 806 948 849 rescindere
972 805 1194 856 mundum3

97 881 139 916 et
162 873 328 929 Tityos,
353 872 536 920 Latona,
562 876 658 912 tuae
682 883 840 911 memor
862 868 1010 910 anxius
1033 868 1119 910 irae
1143 892 1199 898 —

95 934 354 991 inplacabilis
378 934 440 974 ira
462 932 587 974 nimis
611 956 668 962 —
690 931 798 973 iacet
821 930 931 972 alitis
956 944 1066 972 esca.

96 1004 252 1039 terreor
275 995 329 1037 ah
353 994 476 1036 tantis
500 994 710 1042 insistere,
736 998 910 1042 terreor,
935 990 1113 1033 umbris!

97 1059 152 1101 ad
177 1057 347 1114 Stygias
370 1061 588 1098 revocatus
612 1068 762 1109 aquas,
787 1053 860 1095 vix
882 1053 1053 1095 ultimus
1076 1053 1190 1094 amni

95 1126 243 1171 restat,
267 1125 480 1160 nectareas
505 1117 649 1158 divom
671 1115 744 1170 qui
767 1114 949 1171 prodidit
972 1129 1104 1165 escas,

97 1182 276 1240 gutturis
299 1181 431 1224 arenti
453 1179 666 1222 revolutus
688 1178 733 1219 in
756 1178 896 1220 omnia
919 1192 1058 1220 sensu.

98 1245 218 1299 quid,
244 1258 391 1286 saxum
413 1241 559 1297 procul
581 1241 758 1282 adverso
782 1240 854 1294 qui
877 1245 1019 1282 monte
1039 1239 1241 1282 revolvit?

100 1305 398 1361 contempsisse
423 1303 541 1345 dolor
564 1316 689 1356 quem
711 1301 884 1343 numina
905 1301 1035 1343 vincit
1057 1300 1233 1344 acerbus

99 1368 183 1410 otia
206 1371 471 1421 quaerentem
494 1363 672 1405 frustra?
694 1377 770 1405 vos
794 1363 869 1413 ite,
893 1362 1075 1418 puellae,

99 1430 174 1479 ite,
199 1427 351 1483 quibus
375 1426 518 1468 taedas
544 1424 732 1467 accendit
754 1424 882 1466 tristis
906 1423 1080 1480 Erinys,
1107 1449 1163 1455 —

101 1491 208 1533 sicut
230 1489 402 1545 Hymen
423 1487 612 1543 praefata
635 1486 749 1527 dedit
771 1485 951 1528 conubia
973 1486 1137 1536 mortis,
1164 1510 1220 1516 —-

100 1558 225 1607 atque
248 1551 351 1593 alias
375 1550 456 1592 alio
480 1550 628 1591 densat
653 1562 778 1604 super
799 1547 967 1604 agmine
991 1553 1162 1598 turmas,

100 1614 299 1670 inpietate
322 1612 412 1654 fera
434 1611 655 1654 vecordem
681 1610 885 1652 Colchida
907 1615 1094 1661 matrem,

101 1677 225 1719 anxia
249 1675 433 1718 sollicitis
458 1674 725 1716 meditantem
749 1673 922 1715 volnera
943 1672 1072 1724 natis;

101 1740 186 1782 iam
207 1737 462 1780 Pandionias
485 1736 743 1778 miserandas
766 1734 882 1791 prole
905 1734 1079 1790 puellas,

101 1815 277 1855 quarum
301 1814 385 1841 vox
407 1798 505 1854 Ityn
529 1798 614 1839 edit
636 1797 752 1852 Ityn,
777 1811 860 1852 quo
883 1796 1099 1839 Bistonius
1123 1811 1198 1838 rex

102 1862 227 1905 orbus
253 1876 382 1917 epops
406 1866 562 1902 maeret
585 1859 764 1902 volucris
789 1864 957 1900 evectus
981 1858 1026 1900 in
1048 1873 1184 1900 auras.

101 1931 144 1966 at
168 1923 452 1966 discordantes
478 1920 666 1964 Cadmeo
692 1921 849 1963 semine
872 1920 1021 1962 fratres

100 1987 185 2028 iam
208 1985 439 2027 truculenta
460 1983 600 2025 ferunt
621 1982 856 2038 infestaque
878 1982 1036 2024 lumina
1059 1996 1209 2038 corpus

101 2047 205 2089 alter
226 2046 270 2089 in
293 2046 480 2096 alterius;
503 2045 671 2099 iamque
694 2049 909 2087 aversatur
930 2049 1118 2099 uterque,

101 2109 215 2165 inpia
237 2108 424 2165 germani
446 2113 587 2150 manat
609 2107 723 2162 quod
746 2106 949 2163 sanguine
972 2106 1130 2148 dextra.

101 2171 184 2213 heu
207 2170 308 2220 heu,
332 2170 557 2212 mutandus
580 2183 808 2223 numqua-m
831 2167 968 2210 labori
994 2167 1160 2209 auferor
1181 2167 1291 2209 ultra

101 2233 147 2274 in
169 2232 334 2273 diversa
356 2231 491 2287 magis
498 2246 510 2281 ;
534 2230 730 2272 distantia
752 2229 921 2271 nomina
943 2243 1086 2279 cerno3

102 2293 313 2335 Eridanus
337 2292 583 2342 tranandus;
607 2305 711 2346 agor
733 2290 895 2331 delatus
919 2290 975 2332 ad
995 2289 1165 2331 undam.

104 2354 228 2397 obvia
250 2352 518 2409 Persephone
541 2352 712 2394 comites
735 2350 927 2392 heroidas
950 2356 1073 2407 urget

104 2415 301 2458 adversas
324 2414 508 2470 perferre
530 2413 659 2456 faces.
682 2411 868 2454 Alcestis
891 2411 946 2454 ab
969 2412 1082 2454 omni

103 2477 301 2519 inviolata
323 2482 444 2518 vacat
468 2490 584 2526 cura,
609 2474 722 2529 quod
746 2488 873 2516 saeva
895 2474 1032 2516 mariti

104 2538 197 2594 ipsa
221 2538 308 2581 suis
332 2538 430 2580 fatis
453 2536 627 2579 Admeti
649 2535 738 2578 fata
759 2541 920 2578 morata
942 2542 1018 2578 est.

106 2614 222 2652 ecce,
247 2600 383 2642 Ithaci
406 2600 588 2642 coniunx
612 2612 777 2654 semper
799 2598 927 2640 decus
950 2597 1139 2640 Icariotis

105 2662 332 2705 femineum
354 2663 593 2718 incorrupta
615 2661 743 2703 decus
765 2666 907 2703 manet
929 2666 971 2703 et
992 2660 1136 2716 procul
1159 2660 1231 2702 illa

107 2725 228 2768 turba
249 2725 367 2768 ferox
389 2725 587 2768 iuvenum
609 2723 702 2766 telis
726 2722 891 2765 confixa
911 2737 1143 2779 procorum.

1155 2794 1240 2831 23*

1485 571 1552 603 230

1486 879 1552 911 235

1487 1189 1554 1221 240

1488 1500 1554 1530 245

1488 1809 1556 1839 250

1491 2117 1557 2149 255

1492 2423 1558 2455 260

1491 2733 1557 2764 265
