1800 3080
768 249 910 287 enus.

215 358 346 400 Hunc
368 355 442 400 ubi
466 354 687 398 sollicitum
709 353 867 397 dimisit
889 353 1037 397 inertia
1059 353 1182 405 vitae,

159 419 330 463 interius
354 418 537 476 graviter
557 423 859 475 regementem,
883 429 962 460 nec
984 415 1079 458 tulit
1100 415 1209 458 ultra

160 481 354 524 sensibus
378 479 566 523 infusum
588 479 732 522 culicis
757 479 810 521 de
834 484 966 521 morte
989 477 1194 529 dolorem,
1219 503 1275 510 —

159 549 542 599 quantumcumque
566 541 647 584 sibi
669 541 780 584 vires
803 540 983 584 tribuere
1008 540 1172 592 seniles,

158 605 253 660 quis
277 610 418 647 tamen
438 603 639 646 infestum
661 618 856 660 pugnans
879 602 1089 646 devicerat
1111 602 1294 654 hostem,
1319 629 1374 634 —

158 667 295 710 rivum
317 672 488 723 propter
509 680 643 722 aquae
665 665 788 708 viridi
813 665 892 709 sub
915 665 1063 709 fronde
1086 666 1283 708 latentem

160 728 419 772 conformare
441 727 581 770 locum
604 727 716 784 capit
738 727 924 785 inpiger3
947 727 1060 771 hunc
1088 734 1131 771 et
1152 727 1197 770 in
1219 727 1364 771 orbem

160 790 341 834 destinat
363 804 413 833 ac
435 790 535 832 ferri
558 790 753 846 capulum
775 789 966 847 repetivit
989 790 1034 835 in
1055 805 1193 841 usum,

159 853 417 910 gramineam
439 852 561 895 viridi
583 852 747 895 fodiens
772 852 824 894 de
847 852 1005 908 cespite
1029 858 1193 895 terram.

159 915 245 956 iam
267 928 428 956 memor
448 914 661 970 inceptum
683 928 888 970 peragens
914 914 994 957 sibi
1018 929 1118 957 cura
1139 913 1326 957 laborem

161 982 407 1033 congestum
430 975 658 1019 cumulavit
680 990 807 1032 opus,
832 982 970 1048 atque·
981 991 1136 1033 aggere
1159 976 1291 1019 multo

162 1037 321 1080 telluris
346 1037 531 1080 tumulus
555 1037 782 1080 formatum
804 1037 936 1081 crevit
957 1038 1001 1079 in
1024 1037 1188 1090 orbem;

160 1113 287 1155 quem
310 1098 466 1141 circum
488 1098 671 1154 lapidem
692 1098 776 1141 levi
799 1099 852 1141 de
875 1114 1081 1142 marmore
1104 1099 1291 1142 formans

162 1160 361 1212 conserit,
387 1160 588 1204 adsiduae
610 1175 735 1204 curae
758 1175 930 1204 memor.
955 1161 1024 1204 hic
1047 1167 1089 1204 et
1111 1161 1314 1204 acanthus

163 1228 206 1265 et
225 1237 324 1266 rosa
345 1237 601 1279 purpureum
624 1223 774 1266 crescit
794 1222 1028 1266 rubicunda
1050 1223 1201 1274 colore,

163 1290 206 1327 et
228 1284 362 1326 violae
386 1299 508 1327 omne
530 1299 685 1341 genus3
709 1285 778 1327 hic
802 1290 867 1327 est
889 1291 932 1327 et
956 1284 1150 1341 Spartica
1171 1290 1332 1340 myrtus

163 1352 288 1402 atque
311 1345 560 1402 hyacinthus
585 1352 628 1389 et
649 1346 718 1389 hic
742 1345 866 1389 Cilici
888 1361 1034 1389 crocus
1059 1347 1194 1389 editus
1219 1360 1333 1397 arvo,

163 1408 306 1450 laurus
329 1408 430 1449 item
452 1407 616 1450 Phoebi
640 1423 816 1465 surgens
841 1409 988 1459 decus,
1012 1408 1081 1450 hic
1103 1407 1403 1463 rhododaphne

163 1469 331 1525 liliaque
356 1476 396 1511 et
418 1469 524 1512 roris
547 1485 632 1512 non
654 1471 750 1513 avia
772 1485 872 1513 cura
894 1470 1055 1521 marini,

163 1531 375 1587 herbaque
399 1532 502 1575 turis
526 1546 628 1588 opes
651 1532 800 1588 priscis
823 1533 984 1576 imitata
1009 1530 1180 1582 Sabina,

165 1593 538 1650 chrysanthesque,
563 1594 824 1649 hederaeque
848 1594 958 1636 nitor
978 1594 1159 1649 pallente
1184 1592 1395 1649 corymbo,

166 1661 209 1697 et
229 1654 414 1698 bocchus
438 1655 604 1711 Libyae
627 1656 738 1713 regis
762 1670 939 1706 memor3
963 1655 1032 1697 hic
1055 1655 1322 1697 amaranthus

164 1716 466 1773 bumastusque
489 1718 629 1761 virens
654 1725 695 1761 et
719 1732 882 1774 semper
903 1717 1051 1759 florida
1073 1717 1197 1759 tinus.

166 1794 251 1822 non
272 1779 385 1821 illinc
408 1780 596 1823 narcisus
619 1780 757 1831 abest,
782 1779 850 1822 cui
871 1779 1005 1835 gloria
1027 1778 1187 1821 formae

166 1842 264 1898 igne
289 1840 523 1898 Cupidineo
544 1842 733 1899 proprios
758 1841 913 1882 exarsit
934 1840 979 1882 in
1001 1846 1127 1882 artus.

169 1910 211 1946 et
233 1917 518 1959 quoscumque
541 1910 696 1949 novant
719 1902 933 1945 vernantia
956 1908 1145 1959 tempora
1166 1901 1303 1953 flores,

166 1965 232 2007 his
256 1965 440 2008 tumulus
465 1980 591 2022 super
610 1964 822 2016 inseritur3
847 1970 936 2006 tum
959 1964 1094 2007 fronte
1117 1964 1278 2007 locatur

167 2026 367 2084 elogium,
392 2027 517 2070 tacita
539 2027 690 2071 format
712 2026 825 2081 quod
847 2025 984 2069 littera
1005 2040 1127 2068 voce:

169 2103 323 2145 „parve
364 2088 502 2140 culex,
525 2088 735 2145 pecudum
759 2093 901 2130 custos
925 2087 1002 2130 tibi
1025 2087 1107 2129 tale
1130 2087 1306 2130 merenti

167 2148 323 2193 funeris
347 2150 532 2193 officium
554 2151 664 2192 vitae
686 2164 762 2206 pro
786 2164 957 2192 munere
979 2149 1155 2192 reddit.“

702 2316 747 2369 O
771 2317 802 2369 I
825 2317 880 2368 R
902 2316 933 2369 I
956 2317 992 2368 S

576 2428 660 2466 AD
695 2429 1112 2468 MESSALLAM.

227 2515 324 2558 Etsi
346 2530 431 2567 me,
455 2515 570 2558 vario
594 2516 792 2559 iactatum
813 2515 949 2558 laudis
972 2530 1113 2559 amore

171 2578 374 2632 inritaque
399 2583 615 2633 expertum
637 2577 797 2620 fallacis
819 2578 1004 2634 praemia
1027 2578 1151 2635 volgi,

174 2638 402 2694 Cecropius
427 2654 577 2682 suaves
602 2639 816 2696 exspirans
839 2639 1028 2682 hortulus
1052 2654 1174 2682 auras

173 2701 355 2743 florentis
379 2701 500 2744 viridi
525 2701 694 2758 sophiae
718 2701 1002 2758 complectitur
1024 2701 1189 2754 umbra,
1214 2726 1270 2733 —-

1436 238 1521 284 359

1549 490 1615 524 385

1554 802 1620 834 390

1556 1112 1622 1143 395

1557 1420 1624 1451 400

1556 1729 1622 1760 405

1556 2037 1623 2068 410
