1820 3080
293 642 356 671 580

293 946 355 976 585

294 1248 357 1278 590

294 1551 357 1580 595>

296 1853 359 1883 600

297 2155 359 2185 605

299 2460 362 2490 610

384 279 465 320 290
783 283 823 316 P.
842 280 1072 317 VERGILII
1090 279 1265 315 MARON
1273 281 1313 314 [S

382 388 505 429 flectit
529 399 671 438 equos,
699 383 882 424 strictum
905 386 1010 421 rotat
1033 394 1125 421 acer
1147 380 1345 435 Lucagus
1371 395 1521 423 ensem.

383 448 490 489 haud
514 446 604 487 tulit
627 444 791 485 Aeneas
816 447 927 483 tanto
951 441 1110 482 fervore
1134 441 1324 483 furentis:

380 508 519 556 inruit,
545 506 797 557 adversaque
820 503 965 557 ingens
990 502 1177 556 adparuit
1198 502 1328 544 hasta.

382 569 447 609 cui
469 567 617 621 Liger:

383 643 490 678 „non
513 626 729 668 Diomedis
754 639 899 678 equos,
925 638 1000 665 neo
1024 638 1184 665 currum
1210 625 1340 666 cernis
1364 624 1529 673 Achilli,

380 695 451 730 aut
473 688 680 743 Phrygiae
705 700 890 740 campos:
914 700 1023 727 nunc
1047 685 1142 727 belli
1165 686 1258 728 finis
1284 693 1324 728 et
1347 687 1438 728 aevi

380 751 443 791 his
468 750 630 791 dabitur
652 749 809 790 terris.“
834 762 987 789 vesano
1011 748 1107 789 talia
1130 748 1211 789 late

381 812 490 852 dicta
513 810 652 851 volant
673 809 830 865 Ligeri.
857 809 930 850 sed
952 823 1035 850 non
1059 815 1099 850 et
1122 808 1271 850 Troius
1295 808 1415 850 heros

381 872 489 912 dicta
512 876 627 925 parat
651 876 809 919 contra3
833 869 1011 911 iaculum
1035 885 1131 910 nam
1154 875 1315 923 torquet
1337 870 1378 910 in
1403 870 1574 911 hostem.

380 933 578 986 Lucagus
603 937 648 972 ut
670 945 822 985 pronus
846 930 1028 985 pendens
1052 930 1094 970 in
1117 930 1287 972 verbera
1309 931 1389 972 telo

381 992 592 1033 admonuit
614 991 795 1046 biiugos,
820 991 1000 1045 proiecto
1024 991 1122 1031 dum
1145 991 1250 1045 pede
1271 991 1388 1032 laevo

381 1059 494 1107 aptat
519 1067 562 1093 se
585 1066 767 1106 pugnae,
793 1051 903 1093 subit
926 1066 1017 1092 oras
1042 1051 1160 1092 hasta
1182 1066 1255 1106 per
1277 1052 1381 1092 imas

381 1113 575 1168 fulgentis
601 1113 737 1167 clipei,
762 1118 850 1153 tum
872 1112 1034 1153 laevum
1057 1112 1236 1166 perforat
1258 1113 1409 1167 inguen
1417 1128 1427 1160 ;

381 1189 580 1216 excussus
606 1189 726 1215 curru
749 1173 1014 1215 moribundus
1037 1173 1213 1215 volvitur
1237 1174 1357 1214 arvis.

381 1250 503 1289 quem
526 1235 619 1289 pius
642 1233 809 1275 Aeneas
833 1234 951 1275 dictis
965 1234 1137 1275 adfatur
1160 1234 1326 1275 amaris:

384 1297 600 1350 „Lucage,
625 1295 738 1336 nulla
760 1300 853 1336 tuos
878 1309 1019 1335 currus
1044 1294 1145 1349 fuga
1169 1295 1306 1349 segnis
1332 1308 1529 1346 equorum

382 1356 577 1410 prodidit,
603 1361 673 1397 aut
695 1369 825 1396 vanae
847 1361 1004 1396 vertere
1029 1369 1080 1395 ex
1103 1354 1290 1396 hostibus
1315 1354 1502 1403 umbrae;

381 1417 470 1470 ipse
493 1416 591 1457 rotis
617 1415 766 1456 saliens
789 1416 887 1470 iuga
909 1415 1103 1456 deseris.“
1130 1415 1231 1456 haec
1253 1415 1310 1456 ita
1333 1415 1442 1456 fatus

383 1477 551 1530 arripuit
573 1476 755 1531 biiugos3
779 1475 904 1516 frater
927 1474 1119 1516 tendebat
1141 1475 1280 1517 inertis

383 1537 524 1578 infelix
547 1537 725 1591 palmas,
751 1551 873 1578 curru
895 1537 1088 1591 delapsus
1113 1537 1274 1578 eodem:

385 1612 483 1651 „per
506 1603 565 1647 te,
591 1612 663 1652 per
687 1598 758 1651 qui
781 1604 821 1639 te
844 1597 968 1638 talem
990 1612 1167 1653 genuere
1190 1604 1390 1652 parentes,

383 1659 444 1699 vir
468 1658 662 1707 Troiane,
689 1659 776 1699 sine
799 1658 906 1700 hanc
929 1659 1107 1700 animam
1130 1664 1171 1699 et
1193 1659 1385 1700 miserere
1408 1661 1638 1713 precantis:

382 1719 567 1772 pluribus
593 1719 724 1760 oranti
746 1718 932 1761 Aeneas:
959 1719 1095 1770 „haud
1118 1720 1214 1761 talia
1237 1720 1393 1760 dudum

383 1780 492 1820 dicta
515 1779 655 1821 dabas.
680 1794 836 1821 morere
862 1786 901 1822 et
924 1781 1091 1822 fratrem
1114 1795 1166 1822 ne
1189 1781 1331 1822 desere
1355 1780 1517 1821 frater.“

384 1849 471 1880 tum
493 1840 670 1882 latebras
695 1841 853 1882 animae
877 1841 1040 1895 penitus
1063 1856 1258 1883 mucrone
1281 1841 1464 1883 recludit.

384 1900 481 1941 talia
503 1915 577 1954 per
600 1914 767 1955 campos
791 1901 939 1943 edebat
961 1901 1106 1942 funera
1129 1903 1272 1943 ductor

382 1959 638 2011 Dardanius,
662 1962 850 2003 torrentis
874 1976 1004 2014 aquae
1028 1962 1094 2003 vel
1117 1962 1288 2003 turbinis
1313 1963 1388 2003 atri

384 2035 495 2062 more
519 2021 672 2063 furens.
698 2022 863 2063 tandem
887 2028 1105 2077 erumpunt
1128 2028 1169 2063 et
1192 2029 1325 2064 castra
1347 2023 1579 2076 relinquunt

383 2081 590 2123 Ascanius
613 2096 715 2137 puer
737 2090 777 2124 et
800 2083 1046 2136 nequiquam
1070 2082 1240 2124 obsessa
1261 2083 1463 2124 iuventus.

439 2142 640 2184 Iunonem
663 2144 817 2184 interea
840 2143 1056 2198 compellat
1078 2143 1263 2198 Iuppiter
1285 2144 1408 2185 ultro:

388 2218 437 2252 „0
460 2218 656 2259 germana
678 2205 778 2246 mihi
801 2210 923 2258 atque
947 2205 1090 2246 eadem
1114 2205 1347 2260 gratissima
1370 2205 1557 2254 coniunX,

385 2270 430 2305 ut
451 2265 612 2315 rebare,
638 2265 781 2307 Venus
805 2291 859 2296 —
883 2280 959 2307 nec
982 2273 1021 2307 te
1046 2266 1245 2307 sententia
1267 2266 1372 2307 fallit
1395 2290 1450 2296 —

387 2325 584 2368 Troianas
610 2333 812 2368 sustentat
835 2342 953 2382 opes,
977 2342 1061 2369 non
1083 2328 1221 2368 vivida
1243 2327 1350 2369 bello

387 2386 529 2428 dextra
552 2388 648 2429 viris
673 2389 915 2442 animusque
939 2388 1056 2430 ferox
1077 2389 1318 2443 patiensque
1341 2388 1519 2443 pericli.“

387 2448 452 2488 oui
475 2448 581 2490 Iuno
606 2448 828 2491 submissa:
856 2450 997 2504 „quid,
1023 2464 1048 2491 o
1071 2450 1340 2504 pulcherrime
1364 2449 1551 2497 coniunx,

388 2509 580 2551 sollicitas
605 2525 770 2565 aegram
794 2517 834 2551 et
857 2517 927 2552 tua
951 2511 1080 2552 tristia
1102 2511 1216 2560 iussa
1239 2510 1471 2552 timentem?

389 2570 423 2610 si
446 2571 563 2620 mihi,
588 2585 693 2624 quae
717 2572 923 2625 quondam
946 2571 1096 2621 suerat,
1122 2585 1325 2625 quamque
1349 2584 1439 2612 esse
1462 2569 1645 2618 decebat,

388 2631 450 2671 vis
474 2631 516 2671 in
540 2646 676 2672 amore
700 2632 820 2682 foret,
846 2647 928 2674 non
949 2632 1027 2674 hoc
1049 2633 1150 2673 mihi
1173 2646 1348 2686 namque
1371 2645 1555 2686 negares,

390 2692 662 2745 omnipotens,
687 2693 786 2745 quin
809 2699 849 2734 et
872 2707 1034 2748 pugnae
1059 2692 1284 2735 subducere
1309 2692 1505 2740 Turnum,

1641 1666 1650 1682 ο-
