1780 3074
564 276 823 315 AENEIDOS
841 276 940 312 L1B.
960 277 1005 313 V.

100 399 196 426 cum
218 382 322 425 levis
346 382 539 425 aetheriis
565 382 760 438 delapsus
776 379 957 424 Somnus
982 379 1035 422 ab
1060 379 1182 422 astris

100 461 196 488 aera
219 445 394 486 dimovit
417 444 685 487 tenebrosum
709 450 750 486 et
773 443 945 499 dispulit
967 441 1152 492 umbras,

99 514 159 558 te,
185 506 400 558 Palinure,
425 514 591 563 petens,
617 506 692 548 tibi
717 506 878 548 somnia
901 506 1035 548 tristia
1057 510 1228 561 portans

98 568 272 620 insonti3
297 569 510 625 puppique
535 569 637 611 deus
664 568 852 610 consedit
874 568 918 610 in
941 567 1037 619 alta,

98 630 329 673 Phorbanti
355 631 519 682 similis,
544 631 764 685 funditque
786 630 864 673 has
889 645 959 673 ore
983 630 1205 684 loquellas:

101 693 267 746 „Iaside
290 692 505 744 Palinure,
531 693 669 735 ferunt
692 693 786 748 ipsa
809 707 990 746 aequora
1015 692 1205 742 classem,

99 761 301 809 aequatae
327 755 484 811 spirant
507 770 651 806 aurae,
677 755 800 796 datur
822 754 925 797 hora
949 754 1090 809 quieti.

98 831 207 872 pone
232 822 375 872 caput,
400 817 621 871 fessosque
645 816 788 858 oculos
812 816 951 863 furare
974 815 1119 858 labori.

98 879 188 935 ipsc
213 893 292 935 ego
315 879 527 934 paulisper
549 893 625 934 pro
649 884 690 920 te
714 884 786 920 tua
808 893 982 920 munera
1005 877 1158 920 inib0.“

99 941 167 983 cui
190 940 262 982 vix
285 941 477 983 attollens
502 940 725 982 Palinurus
749 940 908 982 lumina
932 940 1062 982 fatur:

101 1017 246 1054 „mene
271 1002 370 1044 salis
393 1002 548 1058 placidi
570 1002 730 1045 voltum
753 1003 988 1057 fluctusque
1012 1002 1175 1056 quietos

98 1065 290 1121 ignorare
313 1063 459 1106 iubes?
481 1079 602 1106 mene
626 1064 723 1106 huic
747 1064 954 1106 confidere
978 1063 1190 1106 monstro?

98 1126 276 1169 Aenean
300 1127 467 1168 credam
491 1126 592 1181 quid
615 1127 726 1168 enim
749 1126 969 1169 fallacibus
994 1125 1107 1168 auris

100 1195 142 1230 et
165 1188 270 1230 caeli
293 1189 444 1231 totiens
470 1189 668 1245 deceptus
693 1189 840 1231 fraude
866 1188 1057 1231 sereni?“

99 1250 198 1292 talia
220 1251 331 1292 dicta
354 1250 498 1302 dabat,
524 1251 771 1306 clavumque
795 1251 948 1294 affixus
973 1256 1015 1293 et
1037 1250 1212 1293 haerens

99 1327 309 1367 nusquam
332 1313 567 1364 amittebat,
593 1314 819 1368 oculosque
844 1313 922 1356 sub
947 1319 1059 1356 astra
1083 1313 1262 1355 tenebat.

101 1389 197 1417 ecce
221 1375 324 1417 deus
348 1390 511 1417 ramum
533 1375 723 1418 Lethaeo
747 1391 839 1418 rore
862 1375 1113 1418 madentem*

100 1437 225 1492 vique
250 1442 489 1492 soporatum
516 1435 666 1494 Stygia
690 1452 815 1493 super
838 1431 1011 1492 utraque
1036 1443 1210 1491 quassat
1250 1484 1253 1487 ,

101 1506 307 1556 tempora,
335 1500 627 1555 cunctantique
650 1500 836 1542 natantia
858 1500 1016 1541 lumina
1039 1499 1174 1542 solvit.

101 1563 173 1604 vix
197 1563 352 1618 primos
376 1562 548 1618 inopina
571 1563 689 1617 quies
712 1562 927 1604 laxaverat
949 1567 1078 1612 artus,

103 1631 144 1667 et
168 1624 538 1680 superincumbens
564 1640 659 1667 cum
683 1625 836 1680 puppis
861 1630 977 1680 parte
1001 1623 1166 1666 revolsa

103 1701 280 1741 cumque
304 1686 556 1743 gubernaclo
581 1687 759 1741 liquidas
783 1687 957 1743 proiecit
979 1686 1024 1728 in
1046 1686 1181 1727 undas

103 1749 370 1804 praecipitem
395 1763 445 1791 ac
469 1749 604 1791 socios
629 1749 884 1804 nequiquam
906 1763 1010 1791 voce
1033 1754 1271 1798 vocantem3

103 1811 193 1866 ipse
217 1810 361 1853 volans
387 1811 523 1853 tenuis
549 1826 594 1853 se
619 1812 787 1854 sustulit
811 1811 897 1854 ales
922 1812 976 1853 ad
1000 1826 1135 1853 auras·

105 1873 232 1914 currit
254 1873 332 1914 iter
355 1879 490 1914 tutum
514 1888 597 1915 non
623 1874 751 1916 setius
776 1888 956 1928 aequore
980 1873 1140 1924 classis,

103 1935 402 1991 promissisque
425 1936 554 1991 patris
578 1936 762 1992 Neptuni
785 1936 970 1978 interrita
997 1936 1141 1978 fertur.

104 1997 269 2051 iamque
294 1998 399 2039 adeo
424 1998 617 2054 scopulos
644 1997 840 2041 Sirenum
864 1999 1039 2041 advecta
1063 1997 1242 2047 subibat,

106 2059 287 2101 difficilis
311 2060 521 2114 quondam
544 2061 851 2116 multorumque
876 2060 1043 2103 ossibus
1067 2060 1198 2110 albos,

106 2126 195 2161 tum
218 2137 344 2163 rauca
368 2122 543 2164 adsiduo
567 2123 692 2179 longe
716 2123 803 2166 sale
828 2139 930 2166 saxa
955 2122 1176 2165 sonabant:

109 2195 203 2223 cum
226 2189 343 2238 pater
366 2185 522 2226 amisso
545 2185 775 2227 fluitantem
799 2200 934 2227 errare
958 2185 1161 2241 magistro

110 2244 239 2285 sensit
262 2250 303 2285 et
325 2245 415 2300 ipse
438 2252 569 2287 ratem
591 2247 803 2289 nocturnis
827 2247 934 2289 rexit
955 2247 1001 2289 in
1022 2247 1159 2294 undis,

111 2304 241 2345 multa
262 2319 434 2360 gemens
459 2321 640 2361 casuque
665 2309 850 2350 animum
874 2323 1102 2350 concussus
1127 2307 1267 2349 amici·

112 2380 165 2415 „o
188 2365 361 2407 nimium
386 2367 499 2409 caelo
523 2374 564 2409 et
586 2369 736 2424 pelago
760 2370 915 2411 confise
939 2384 1098 2419 sereno,

113 2426 285 2469 nudus
273 2443 317 2469 m
339 2428 500 2484 ignota,
525 2428 741 2479 Palinure,
765 2430 920 2472 iacebis
944 2445 1080 2471 arena.
1085 2433 1107 2452 “

1387 264 1467 308 189

1494 515 1559 546 840

1495 826 1560 857 845

1497 1137 1562 1168 850

1497 1447 1563 1478 855

1498 1759 1564 1789 860

1499 2070 1564 2100 865

1500 2378 1565 2407 870
