1794 3048
273 666 338 695 420

275 969 339 998 425

277 1273 343 1304 430

279 1577 345 1607 435

281 1880 347 1910 440

282 2184 348 2214 445

284 2487 351 2518 450

359 299 412 341 68
759 305 801 339 Ρ.
820 303 1051 340 VERGILII
1069 303 1293 340 MAROMS

360 423 482 463 saepe
506 407 583 449 sub
606 405 769 447 inmotis
792 403 1057 459 praesepibus
1081 411 1152 445 aut
1174 404 1282 445 mala
1304 411 1415 446 tactu

358 470 499 523 vipera
522 467 680 508 delituit
702 465 941 518 caelumque
966 464 1156 506 exterrita
1178 464 1304 520 sugit3

360 537 431 570 aut
458 534 564 569 tecto
588 527 783 567 adsuetus
807 524 974 566 coluber
997 525 1214 566 succedere
1238 531 1279 568 et
1301 525 1481 574 umbrae,

360 588 489 644 pestis
514 586 660 628 acerba
682 586 826 636 boum,
850 585 1069 640 pecorique
1093 585 1338 641 adspergere
1361 585 1472 626 virus

362 649 465 690 fovit
487 648 670 689 humum.
696 661 797 702 cape
822 662 922 689 saxa
945 661 1087 696 manu,
1113 661 1213 702 cape
1236 646 1402 696 robora,
1426 651 1577 701 pastor,

360 709 649 761 tollentemque
672 707 803 749 minas
828 714 869 749 et
892 707 1011 749 sibila
1034 707 1139 749 colla
1161 713 1385 748 tumentem

362 770 487 811 deice.
511 769 675 822 iamque
698 768 800 824 fuga
822 768 1010 809 timidum
1033 774 1156 823 caput
1179 767 1335 809 abdidit
1357 767 1449 817 alte,

363 845 457 872 cum
480 829 604 870 medii
627 843 757 870 nexus
782 835 1067 882 extremaeque
1091 828 1257 884 agmina
1280 828 1434 869 caudae

363 891 593 940 solvuntur,
618 889 836 943 tardosque
860 889 982 930 trahit
1006 890 1120 930 sinus
1143 889 1309 931 ultimus
1334 888 1456 930 orbis.

364 958 428 993 est
451 951 573 992 etiam
596 950 663 991 ille
687 950 820 992 malus
845 949 1033 992 Calabris
1057 950 1100 991 in
1124 950 1294 992 saltibus
1319 950 1478 1005 anguiS,

365 1027 560 1066 squamea
583 1011 830 1053 convolvens
855 1011 1016 1054 sublato
1039 1018 1203 1067 pectore
1227 1018 1343 1067 terga

364 1081 486 1127 atque
510 1073 616 1114 notis
639 1072 807 1128 longam
829 1072 1063 1121 maculosus
1086 1072 1310 1128 grandibus
1335 1072 1485 1121 alvum,

365 1135 453 1188 qui,
479 1135 578 1175 dum
600 1149 741 1175 amnes
766 1134 838 1175 ulli
860 1140 1103 1189 rumpuntur
1125 1134 1306 1175 fontibus
1331 1140 1372 1175 et
1394 1134 1491 1174 dum

364 1210 459 1237 vere
483 1195 649 1236 madent
670 1195 752 1236 udo
776 1201 906 1236 terrae
930 1209 978 1236 ac
1001 1194 1249 1250 pluvialibus
1274 1195 1435 1244 austris,

367 1263 513 1312 stagna
537 1256 648 1306 colit,
674 1256 855 1310 ripisque
877 1255 1066 1298 habitans
1090 1255 1158 1297 hic
1179 1255 1361 1310 piscibus
1386 1261 1514 1296 atram

365 1318 560 1372 inprobus
585 1317 808 1373 ingluviem
830 1317 1021 1371 ranisque
1044 1316 1285 1370 loquacibus
1310 1315 1458 1370 explet.

366 1387 584 1434 postquam
608 1385 753 1419 exusta
775 1378 912 1432 palus,
937 1384 1148 1431 terraeque
1173 1377 1316 1418 ardore
1340 1376 1566 1425 dehiscunt,

367 1439 511 1480 extulit
533 1439 577 1480 in
600 1439 755 1480 siccum
779 1445 819 1479 et
841 1439 1092 1479 flammantia
1114 1438 1269 1479 lumina
1292 1444 1483 1491 torquens

367 1500 497 1542 saevit
520 1499 648 1555 agris,
674 1514 874 1554 asperque
899 1500 965 1541 siti
988 1506 1109 1553 atque
1133 1499 1336 1540 exercitus
1361 1505 1489 1540 aestu.

368 1576 445 1603 nec
467 1562 568 1602 mihi
590 1568 678 1602 tum
700 1561 844 1602 molles
869 1561 946 1603 sub
971 1561 1066 1602 divo
1090 1575 1254 1615 carpere
1279 1575 1444 1602 somnos

367 1637 449 1664 neu
471 1623 592 1664 dorso
616 1622 792 1663 nemoris
816 1621 940 1663 libeat
964 1622 1139 1663 iacuisse
1161 1636 1235 1676 per
1257 1621 1418 1671 herbas,

369 1698 463 1725 cum
485 1683 630 1738 positis
653 1698 785 1724 novus
809 1683 967 1724 exuviis
992 1683 1227 1736 nitidusque
1250 1683 1416 1723 iuventa

368 1745 563 1794 volvitur,
589 1751 659 1786 aut
682 1744 838 1786 catulos
862 1745 978 1786 tectis
1003 1751 1074 1786 aut
1096 1759 1175 1786 ova
1196 1744 1441 1798 relinquens,

371 1807 522 1847 arduus
547 1806 600 1847 ad
624 1805 752 1847 solem
776 1812 817 1847 et
837 1806 989 1861 linguis
1013 1806 1137 1847 micat
1159 1820 1228 1847 ore
1252 1805 1441 1846 trisulcis.

426 1866 668 1908 Morborum
691 1880 855 1919 quoque
879 1874 919 1907 te
943 1881 1111 1908 caussas
1136 1873 1176 1908 et
1200 1867 1319 1922 signa
1341 1865 1508 1908 docebo.

371 1928 500 1982 turpis
525 1927 613 1969 ovis
638 1933 809 1982 temptat
832 1927 1009 1977 scabies,
1034 1928 1106 1969 ubi
1128 1928 1302 1984 frigidus
1325 1927 1456 1970 imber

371 1989 492 2030 altius
516 1989 570 2029 ad
592 1988 732 2029 vivum
755 1988 934 2043 persedit
958 1995 998 2029 et
1020 1988 1185 2030 horrida
1208 2003 1310 2031 cano

370 2049 517 2090 bruma
538 2048 652 2104 gelu,
677 2048 744 2090 vel
767 2063 862 2090 cum
885 2049 1015 2090 tonsis
1038 2049 1189 2091 inlotus
1213 2049 1399 2091 adhaesit

373 2110 498 2151 sudor
520 2115 561 2150 et
582 2109 750 2150 hirsutis
775 2115 991 2150 secuerunt
1014 2123 1184 2164 corpora
1206 2124 1364 2165 vepres.

374 2169 562 2211 dulcibus
586 2170 736 2211 idcirco
760 2169 893 2211 fluviis
916 2184 1043 2224 pecus
1067 2185 1187 2212 omne
1210 2170 1396 2225 magistri

371 2230 642 2286 perfundunt,
667 2231 840 2284 udisque
864 2230 968 2272 aries
992 2230 1036 2271 in
1058 2231 1219 2286 gurgite
1242 2231 1349 2272 villis

372 2299 591 2341 mersatur,
615 2291 848 2345 missusque
873 2292 1053 2333 secundo
1077 2292 1217 2333 defluit
1240 2293 1367 2334 amni:

375 2364 446 2395 aut
468 2361 633 2395 tonsum
657 2353 762 2394 tristi
786 2353 1056 2408 continguunt
1079 2368 1226 2408 corpus
1251 2369 1434 2409 amurga,
1465 2398 1472 2404 ,

374 2420 415 2455 et
438 2429 605 2469 spumas
629 2414 804 2456 miscent
826 2414 984 2469 argenti
1008 2421 1048 2456 et
1071 2414 1229 2456 sulfura
1250 2415 1346 2456 viva

373 2475 602 2529 Idaeasque
624 2475 736 2530 pices
761 2482 802 2516 et
822 2475 988 2531 pinguis
1013 2476 1193 2531 unguine
1216 2490 1329 2517 ceras

374 2536 612 2589 scillamque
636 2535 917 2589 elleborosque
939 2537 1077 2593 gravis
1100 2537 1342 2592 nigrumque
1365 2535 1559 2577 bitumen.

373 2612 456 2638 non
480 2604 618 2638 tamen
640 2597 724 2639 ulla
746 2598 879 2653 magis
903 2613 1096 2653 praesens
1121 2598 1284 2640 fortuna
1305 2597 1490 2638 laborum
1515 2608 1588 2646 est,

330 2672 339 2679 ‘
374 2671 499 2710 quam
523 2658 558 2699 si
580 2658 672 2711 quis
697 2658 804 2700 ferro
827 2659 959 2713 potuit
981 2659 1210 2702 rescindere
1234 2673 1439 2699 summum

375 2716 521 2758 ulceris
546 2732 610 2759 os:
636 2718 757 2759 alitur
779 2719 924 2760 vitium
946 2720 1126 2774 vivitque
1151 2719 1337 2773 tegendo,
