1800 3106
595 282 853 321 AENEIDOS
872 281 971 318 L1B.
989 281 1038 316 X.

137 403 260 448 atque
283 392 414 435 oculis
439 390 620 446 spatium
644 402 857 436 emensus,
883 392 1084 441 quantum
1109 383 1210 426 satis
1234 382 1398 426 hastae:

139 456 311 506 „dextra
333 453 434 495 mihi
458 453 561 494 deus
586 457 628 492 et
650 450 797 500 telum,
822 448 935 503 quod
963 446 1121 490 missile
1143 445 1262 496 libro,

136 531 247 560 nunc
270 515 426 559 adsintl
450 529 584 557 voveo
607 511 827 569 praedonis
852 524 1024 567 corpore
1046 508 1174 564 raptis

136 579 328 622 indutum
353 577 495 634 spoliis
518 576 658 632 ipsum
681 581 741 625 te,
764 574 929 624 Lause,
954 578 1171 628 tropaeum

137 642 349 684 Aeneae.“
375 639 480 682 dixit
504 638 828 691 stridentemque
852 635 1014 678 eminus
1038 634 1204 676 hastam

137 704 251 755 iecit3
276 710 320 745 at
342 702 414 744 illa
436 701 582 744 volans
607 700 740 755 clipeo
764 705 828 741 est
852 712 1048 748 excussa,
1073 695 1300 752 proculque

139 766 355 823 egregium
378 764 570 806 Antoren
591 762 701 804 latus
725 761 832 803 inter
855 766 897 802 et
920 759 991 802 ilia
1014 759 1118 815 figit,

139 827 335 870 Herculis
358 825 549 869 Antoren
573 824 785 873 comitem,
810 822 883 877 qui
907 822 1062 863 missus
1093 820 1146 862 ab
1169 820 1300 876 Argis

138 890 329 932 haeserat
351 887 551 930 Euandro
575 892 700 940 atque
723 884 832 927 Itala
855 883 1100 926 consederat
1122 882 1237 924 urbe.

140 951 335 995 sternitur
357 949 504 992 infelix
527 948 662 991 alieno
684 946 872 996 volnere,
898 945 1142 999 caelumque

139 1013 287 1069 aspicit
311 1023 352 1054 et
375 1012 508 1053 dulcis
532 1010 713 1052 moriens
736 1008 1014 1051 reminiscitur
1037 1006 1193 1063 Argos.

139 1083 228 1117 tum
251 1075 345 1131 pius
369 1073 538 1116 Aeneas
562 1073 727 1115 hastam
750 1071 865 1121 iacit3
889 1070 961 1112 illa
983 1084 1058 1126 per
1080 1069 1225 1111 orbem

140 1151 234 1179 aere
258 1152 408 1179 cavum
430 1135 599 1192 triplici,
624 1149 699 1190 per
721 1133 832 1176 linea
856 1139 974 1189 terga
997 1131 1213 1186 tribusque

140 1199 287 1241 transit
308 1199 513 1240 intextum
536 1196 666 1239 tauris
690 1210 817 1252 opus,
841 1195 1008 1249 imaque
1033 1193 1141 1236 sedit

140 1260 329 1317 inguine3
355 1260 430 1302 sed
453 1260 562 1302 vires
586 1258 699 1301 haud
722 1257 903 1314 pertulit.
928 1257 1045 1299 ocius
1071 1270 1215 1298 ensem

143 1324 330 1372 Aeneas,
355 1322 447 1363 viso
471 1321 678 1377 Tyrrheni
703 1319 906 1376 sanguine
928 1318 1077 1368 laetus,

143 1385 263 1440 eripit
286 1399 312 1426 a
334 1383 487 1426 femine
512 1390 554 1425 et
576 1382 797 1438 trepidanti
819 1380 1005 1423 fervidus
1029 1380 1168 1422 instat.

142 1447 346 1503 ingemuit
369 1446 454 1488 cari
477 1445 658 1502 graviter
680 1443 879 1501 genitoris
903 1457 1056 1493 amore,

143 1516 190 1550 ut
212 1508 334 1559 vidit,
358 1508 550 1558 Lausus,
574 1506 852 1561 lacrimaeque
874 1519 950 1561 per
973 1519 1046 1547 ora
1068 1503 1248 1546 volutae.

142 1570 211 1613 hic
235 1570 379 1613 mortis
404 1570 531 1612 durae
556 1584 701 1612 casum
724 1578 877 1623 tuaque
901 1566 1058 1623 optima
1081 1566 1206 1617 facta,

146 1634 182 1676 si
204 1647 288 1687 qua
309 1633 437 1674 fidem
460 1638 574 1674 tanto
599 1637 664 1673 est
685 1630 801 1686 operi
823 1630 958 1672 latura
980 1634 1181 1679 vetustas,

145 1710 229 1737 non
253 1694 464 1749 equidem,
490 1707 567 1735 nec
590 1699 650 1743 te,
675 1692 837 1734 iuvenis
862 1691 1147 1741 memorande,
1174 1689 1318 1732 silebo.

146 1757 214 1799 ille
236 1757 387 1813 pedem
409 1756 593 1798 referens
618 1762 660 1797 et
682 1754 839 1796 inutilis
862 1754 990 1808 inque
1013 1753 1167 1810 ligatus

147 1818 340 1869 cedebat,
366 1818 581 1874 clipeoque
603 1817 818 1859 inimicum
841 1815 990 1858 hastile
1014 1814 1215 1857 trahebat.

147 1880 349 1937 proripuit
371 1880 534 1922 iuvenis
559 1893 735 1934 seseque
757 1878 968 1920 inmiscuit
992 1877 1131 1926 armis,

149 1943 315 1997 iamque
339 1942 602 1999 adsurgentis
627 1942 773 1983 dextra
795 1940 1048 1997 plagamque
1071 1938 1241 1980 ferentis

147 2005 319 2047 Aeneae
344 2004 470 2047 subiit
492 2018 751 2054 mucronem,
775 2003 998 2058 ipsumque
1021 2001 1221 2043 morando

150 2068 363 2118 sustinuit3
390 2067 492 2110 socii
514 2082 668 2124 magno
693 2066 872 2108 clamore
897 2070 1140 2119 sequuntur,

149 2130 249 2171 dum
272 2129 434 2186 genitor
455 2130 542 2171 nati
565 2143 710 2185 parma
732 2133 943 2184 protectus
968 2126 1111 2176 abiret,

150 2191 314 2245 telaque
338 2191 565 2240 coniciunt,
590 2189 916 2246 perturbantque
941 2189 1102 2230 eminus
1126 2187 1290 2230 hostem

150 2251 390 2295 missilibus.
416 2253 518 2294 furit
541 2252 711 2294 Aeneas
737 2258 955 2305 tectusque
978 2257 1092 2292 tenet
1116 2265 1174 2292 se.

153 2328 202 2356 ac
225 2313 339 2355 velut
362 2314 497 2356 effusa
521 2315 557 2355 si
579 2313 747 2368 quando
771 2313 972 2369 grandine
995 2311 1128 2354 nimbi

153 2375 444 2432 praecipitant,
469 2376 603 2418 omnis
628 2375 786 2430 eampis
811 2374 979 2430 diffugit
1002 2380 1149 2423 arator,

154 2437 288 2480 omnis
313 2443 354 2479 et
377 2437 576 2493 agricola,
603 2443 644 2479 et
667 2443 756 2478 tuta
778 2436 878 2478 latet
902 2441 990 2477 arte
1013 2435 1158 2484 viator,

155 2506 228 2541 aut
250 2500 384 2541 amnis
408 2499 509 2555 ripis
534 2505 606 2540 aut
629 2498 700 2540 alti
724 2497 881 2540 fornice
906 2497 1008 2547 saxi,

155 2562 255 2603 dum
278 2561 383 2617 pluit
406 2561 450 2602 in
473 2560 611 2611 terris,
636 2566 682 2602 ut
703 2560 867 2615 possint
891 2559 978 2601 sole
1001 2558 1173 2600 reducto

155 2637 347 2665 exercere
371 2623 500 2665 diem:
526 2623 587 2664 sic
609 2622 781 2664 obrutus
806 2621 989 2675 undique
1013 2620 1106 2662 telis

155 2684 324 2728 Aeneas
348 2685 503 2727 nubem
527 2684 643 2734 belli,
670 2684 770 2725 dum
793 2683 962 2725 detonet
985 2683 1133 2732 omnis,

159 2747 335 2790 sustinet
358 2755 398 2789 et
421 2747 614 2789 Lausum
637 2746 854 2801 increpitat
876 2746 1104 2799 Lausoque
1127 2744 1325 2785 minatur:

1416 268 1500 311 295

1532 643 1595 674 775

1536 955 1600 987 780

1538 1267 1602 1299 785

1542 1579 1606 1610 790

1544 1887 1608 1919 795

1545 2198 1610 2228 800

1546 2505 1611 2537 805
