1794 3048
339 687 402 718 345

337 989 402 1019 350

338 1291 401 1321 355

339 1591 402 1621 360

340 1894 402 1923 365

339 2195 404 2225 370

341 2497 404 2527 375

429 323 507 364 118
825 331 866 363 Ρ.
884 327 1115 364 VERGILII
1133 327 1354 366 MARONIS

426 430 716 486 Mygdonides,
741 429 819 469 illis
844 429 896 469 ad
919 427 1086 469 Troiam
1108 428 1212 469 forte
1236 428 1379 470 diebus

426 496 609 540 venerat,
633 490 776 530 insano
802 487 1060 530 Cassandrae
1082 489 1273 530 incensus
1297 503 1445 539 amore,

426 558 466 592 et
488 564 613 606 gener
635 549 830 590 auxilium
853 548 1017 590 Priamo
1039 548 1356 604 Phrygibusque
1378 549 1545 599 ferebat,

425 611 584 660 infelix,
610 610 679 664 qui
704 624 785 651 non
810 624 983 664 sponsae
1005 615 1222 665 praecepta
1244 609 1414 652 furentis

426 671 609 714 audierit.

425 748 527 786 quos
552 731 623 773 ubi
646 732 849 773 confertos
873 732 1021 773 audere
1045 733 1087 772 in
1110 731 1263 786 proelia
1285 731 1380 781 vidi,

424 793 573 848 incipio
597 806 720 847 super
741 792 824 834 his:
851 793 1043 843 „iuvenes
1051 823 1063 842 ,
1087 792 1310 834 fortissima
1331 791 1483 833 frustra

424 860 606 909 pectora,
633 853 668 894 si
690 852 806 894 vobis
831 854 1046 894 audentem
1070 859 1251 894 extrema
1274 852 1422 906 cupido

426 920 535 956 certa
558 914 691 967 sequi,
716 928 821 967 quae
845 914 898 955 sit
919 913 1041 955 rebus
1065 914 1229 955 fortuna
1250 913 1395 955 videtis
1403 929 1415 963 3

427 989 638 1016 excessere
662 988 805 1016 omnes
830 974 963 1028 adytis
987 975 1149 1028 arisque
1171 973 1321 1014 relictis

425 1036 484 1084 di,
509 1035 656 1088 quibus
680 1035 895 1089 imperium
918 1035 996 1076 hoc
1020 1040 1205 1084 steterat3
1230 1034 1463 1076 succurritis
1486 1033 1576 1075 urbi

424 1096 630 1137 incensae:
655 1095 876 1136 moriamur
898 1101 939 1136 et
960 1096 1003 1136 in
1026 1096 1160 1137 media
1183 1110 1296 1136 arma
1317 1110 1496 1136 ruamus.

424 1171 507 1197 una
530 1156 639 1197 salus
663 1156 799 1205 victis,
824 1156 978 1197 nullam
1002 1169 1164 1210 sperare
1188 1155 1400 1197 salutem.“

426 1217 484 1257 sie
508 1216 652 1257 animis
675 1216 867 1256 iuvenum
891 1216 1004 1257 furor
1026 1216 1200 1257 additus.
1224 1215 1336 1265 inde,
1361 1216 1447 1270 lupi
1470 1230 1545 1257 ceu

424 1284 606 1331 raptores
631 1283 717 1318 atra
739 1277 782 1317 in
804 1277 971 1327 nebula,
997 1291 1099 1330 quos
1122 1276 1294 1331 inproba
1316 1277 1467 1318 ventris

427 1338 563 1392 exegit
587 1351 729 1379 caecos
752 1336 905 1388 rabies,
932 1338 1135 1390 catulique
1158 1336 1286 1394 relicti

425 1397 613 1438 faucibus
638 1403 876 1452 exspectant
899 1398 1036 1447 siccis,
1060 1412 1134 1452 per
1157 1396 1254 1446 tela,
1279 1411 1351 1451 per
1374 1396 1513 1438 hostes

426 1458 613 1498 vadimus
636 1457 748 1498 haud
771 1457 937 1499 dubiam
960 1458 1003 1499 in
1026 1463 1216 1507 mortem,
1243 1457 1482 1510 mediaeque
1506 1463 1689 1499 tenemus

427 1517 538 1559 urbis
563 1518 638 1559 iter
644 1534 656 1568 ;
680 1533 763 1559 nox
786 1524 874 1560 atra
898 1533 999 1560 cava
1022 1518 1284 1560 circumvolat
1307 1517 1462 1559 umbra.

426 1579 516 1632 quis
542 1578 698 1619 cladem
721 1579 829 1620 illius
853 1580 1002 1629 noctis,
1028 1579 1118 1633 quis
1143 1579 1288 1620 funera
1310 1578 1435 1620 fando

426 1639 600 1693 explicet
623 1645 692 1680 aut
714 1640 844 1694 possit
866 1640 1042 1681 lacrimis
1067 1654 1242 1693 aequare
1264 1639 1451 1680 labores?

426 1699 523 1740 urbs
549 1700 714 1753 antiqua
736 1701 834 1750 ruit,
859 1701 1008 1742 multos
1033 1700 1239 1742 dominata
1259 1713 1334 1754 per
1357 1713 1506 1749 annos3

425 1760 600 1814 plurima
621 1775 774 1815 perque
797 1761 885 1802 vias
910 1771 1142 1802 sternuntur
1164 1761 1308 1802 inertia
1330 1760 1485 1815 passim

427 1835 596 1874 corpora
617 1835 771 1875 perque
795 1822 938 1863 domos
962 1828 1002 1862 et
1024 1822 1216 1877 religiosa
1239 1822 1408 1862 deorum

427 1881 578 1922 limina.
603 1896 679 1923 nec
703 1882 779 1923 soli
801 1897 954 1936 poenas
980 1883 1078 1923 dant
1102 1882 1300 1937 sanguine
1324 1881 1490 1931 Teucri3

427 1941 632 1994 quondam
656 1942 778 1982 etiam
800 1943 919 1983 victis
942 1943 1047 1983 redit
1069 1943 1113 1983 in
1134 1943 1371 1997 praecordia
1392 1942 1534 1990 virtus,

426 2002 682 2056 victoresque
708 2003 858 2044 cadunt
879 2003 1031 2044 Danai.
1057 2003 1232 2044 crudelis
1255 2003 1407 2056 ubique

426 2062 578 2112 luctus,
603 2063 753 2116 ubique
775 2078 903 2118 pavor
926 2070 965 2104 et
987 2063 1162 2118 plurima
1184 2063 1325 2104 mortis
1348 2063 1501 2118 imago.

482 2122 647 2164 Primus
673 2139 716 2165 se
738 2124 951 2174 Danaum,
977 2139 1126 2179 magna
1150 2123 1366 2164 comitante
1391 2128 1565 2172 caterva,

427 2181 674 2239 Androgeus
698 2185 816 2226 offert
839 2185 976 2234 nobis,
1003 2185 1113 2226 socia
1136 2184 1300 2239 agmina
1323 2184 1491 2225 credens

427 2244 598 2295 inscius,
624 2251 745 2299 atque
768 2246 874 2287 ultro
897 2245 1032 2287 verbis
1057 2245 1257 2300 conpellat
1280 2244 1440 2286 amicis:

430 2304 662 2355 „festinate,
687 2306 775 2347 viri.
800 2321 895 2347 nam
919 2321 1024 2359 quae
1048 2312 1131 2347 tam
1156 2319 1247 2347 sera
1268 2310 1448 2346 moratur

429 2366 647 2420 segnities?
670 2367 738 2408 alii
759 2367 922 2422 rapiunt
944 2368 1111 2408 incensa
1132 2366 1348 2420 feruntque

427 2424 630 2481 Pergama
637 2444 648 2477 3
672 2442 747 2469 vos
772 2428 891 2469 celsis
914 2442 1023 2469 nunc
1045 2427 1222 2482 primum
1245 2442 1270 2468 a
1291 2425 1463 2467 navibus
1487 2424 1609 2466 itis?“

428 2485 547 2537 dixit,
573 2494 613 2529 et
637 2488 858 2543 extemplo,
881 2502 1014 2542 neque
1038 2488 1147 2529 enim
1168 2502 1365 2542 responsa
1387 2485 1587 2527 dabantur

427 2548 509 2589 fida
533 2549 650 2598 satis,
676 2549 804 2590 sensit
825 2548 981 2590 medios
1006 2548 1198 2603 delapsus
1221 2548 1265 2588 in
1286 2546 1427 2588 hostis.

427 2609 652 2663 obstupuit,
677 2615 864 2663 retroque
885 2610 1033 2664 pedem
1057 2623 1150 2651 cum
1172 2622 1273 2650 voce
1295 2606 1498 2662 repressit.

427 2670 678 2723 inprovisum
702 2670 832 2724 aspris
855 2670 981 2712 veluti
1003 2670 1074 2723 qui
1098 2669 1279 2711 sentibus
1303 2681 1478 2722 anguem

427 2730 575 2782 pressit
597 2730 711 2770 humi
733 2731 885 2780 nitens,
910 2730 1170 2784 trepidusque
1193 2733 1356 2783 repente
1378 2726 1529 2781 refugit
