<?xml version="1.0" encoding="UTF-8"?>
<!DOCTYPE html PUBLIC "-//W3C//DTD XHTML 1.0 Transitional//EN"
    "http://www.w3.org/TR/xhtml1/DTD/xhtml1-transitional.dtd">
<html xmlns="http://www.w3.org/1999/xhtml" xml:lang="en" lang="en">
 <head>
  <title>
</title>
<meta http-equiv="Content-Type" content="text/html;charset=utf-8" />
  <meta name='ocr-system' content='tesseract 3.04.00' />
  <meta name='ocr-capabilities' content='ocr_page ocr_carea ocr_par ocr_line ocrx_word'/>
</head>
<body>
  <div class='ocr_page' id='page_1' title='image "./operavirg00virguoft_0304.png"; bbox 0 0 1820 3080; ppageno 0'>
   <div class='ocr_carea' id='block_1_1' title="bbox 265 664 326 693">
    <p class='ocr_par' dir='ltr' id='par_1_1' title="bbox 265 664 326 693">
     <span class='ocr_line' id='line_1_1' title="bbox 265 664 326 693; baseline -0.016 0"><span class='ocrx_word' id='word_1_1' title='bbox 265 664 326 693; x_wconf 81' lang='lat'>720</span> 
     </span>
    </p>
   </div>
   <div class='ocr_carea' id='block_1_2' title="bbox 263 966 326 997">
    <p class='ocr_par' dir='ltr' id='par_1_2' title="bbox 263 966 326 997">
     <span class='ocr_line' id='line_1_2' title="bbox 263 966 326 997; baseline -0.016 0"><span class='ocrx_word' id='word_1_2' title='bbox 263 966 326 997; x_wconf 80' lang='lat'>725</span> 
     </span>
    </p>
   </div>
   <div class='ocr_carea' id='block_1_3' title="bbox 264 1271 327 1301">
    <p class='ocr_par' dir='ltr' id='par_1_3' title="bbox 264 1271 327 1301">
     <span class='ocr_line' id='line_1_3' title="bbox 264 1271 327 1301; baseline 0 0"><span class='ocrx_word' id='word_1_3' title='bbox 264 1271 327 1301; x_wconf 84' lang='lat'>730</span> 
     </span>
    </p>
   </div>
   <div class='ocr_carea' id='block_1_4' title="bbox 265 1574 326 1604">
    <p class='ocr_par' dir='ltr' id='par_1_4' title="bbox 265 1574 326 1604">
     <span class='ocr_line' id='line_1_4' title="bbox 265 1574 326 1604; baseline -0.033 0"><span class='ocrx_word' id='word_1_4' title='bbox 265 1574 326 1604; x_wconf 84' lang='lat'>735</span> 
     </span>
    </p>
   </div>
   <div class='ocr_carea' id='block_1_5' title="bbox 265 1879 328 1908">
    <p class='ocr_par' dir='ltr' id='par_1_5' title="bbox 265 1879 328 1908">
     <span class='ocr_line' id='line_1_5' title="bbox 265 1879 328 1908; baseline 0 0"><span class='ocrx_word' id='word_1_5' title='bbox 265 1879 328 1908; x_wconf 77' lang='lat'>740</span> 
     </span>
    </p>
   </div>
   <div class='ocr_carea' id='block_1_6' title="bbox 266 2182 330 2213">
    <p class='ocr_par' dir='ltr' id='par_1_6' title="bbox 266 2182 330 2213">
     <span class='ocr_line' id='line_1_6' title="bbox 266 2182 330 2213; baseline -0.016 0"><span class='ocrx_word' id='word_1_6' title='bbox 266 2182 330 2213; x_wconf 81' lang='lat'>745</span> 
     </span>
    </p>
   </div>
   <div class='ocr_carea' id='block_1_7' title="bbox 270 2487 332 2517">
    <p class='ocr_par' dir='ltr' id='par_1_7' title="bbox 270 2487 332 2517">
     <span class='ocr_line' id='line_1_7' title="bbox 270 2487 332 2517; baseline 0 -1"><span class='ocrx_word' id='word_1_7' title='bbox 270 2487 332 2517; x_wconf 74' lang='lat'>750</span> 
     </span>
    </p>
   </div>
   <div class='ocr_carea' id='block_1_8' title="bbox 352 299 1282 341">
    <p class='ocr_par' dir='ltr' id='par_1_8' title="bbox 352 299 1282 341">
     <span class='ocr_line' id='line_1_8' title="bbox 352 299 1282 341; baseline -0.001 -1"><span class='ocrx_word' id='word_1_8' title='bbox 352 299 432 340; x_wconf 77' lang='lat'>272</span> <span class='ocrx_word' id='word_1_9' title='bbox 750 306 792 340; x_wconf 92' lang='grc' dir='ltr'>Ρ.</span> <span class='ocrx_word' id='word_1_10' title='bbox 811 304 1040 341; x_wconf 81' lang='lat' dir='ltr'><strong>VERGILII</strong></span> <span class='ocrx_word' id='word_1_11' title='bbox 1059 302 1282 340; x_wconf 84' lang='lat' dir='ltr'><strong>MARONIS</strong></span> 
     </span>
    </p>
   </div>
   <div class='ocr_carea' id='block_1_9' title="bbox 348 404 1532 2766">
    <p class='ocr_par' dir='ltr' id='par_1_9' title="bbox 350 404 1487 580">
     <span class='ocr_line' id='line_1_9' title="bbox 351 404 1398 461; baseline -0.004 -12"><span class='ocrx_word' id='word_1_12' title='bbox 351 408 582 460; x_wconf 87' lang='lat' dir='ltr'>inmisitque</span> <span class='ocrx_word' id='word_1_13' title='bbox 606 407 748 461; x_wconf 88' lang='lat' dir='ltr'>fugam</span> <span class='ocrx_word' id='word_1_14' title='bbox 772 405 941 446; x_wconf 87' lang='lat' dir='ltr'>Teucris</span> <span class='ocrx_word' id='word_1_15' title='bbox 966 411 1178 458; x_wconf 87' lang='lat' dir='ltr'>atrumque</span> <span class='ocrx_word' id='word_1_16' title='bbox 1201 404 1398 446; x_wconf 91' lang='lat' dir='ltr'>timorem.</span> 
     </span>
     <span class='ocr_line' id='line_1_10' title="bbox 351 466 1487 521; baseline -0.003 -12"><span class='ocrx_word' id='word_1_17' title='bbox 351 469 529 521; x_wconf 90' lang='lat' dir='ltr'>undique</span> <span class='ocrx_word' id='word_1_18' title='bbox 552 467 813 515; x_wconf 89' lang='lat' dir='ltr'>conveniunt,</span> <span class='ocrx_word' id='word_1_19' title='bbox 839 466 1031 519; x_wconf 88' lang='lat' dir='ltr'>quoniam</span> <span class='ocrx_word' id='word_1_20' title='bbox 1055 466 1150 506; x_wconf 86' lang='lat' dir='ltr'>data</span> <span class='ocrx_word' id='word_1_21' title='bbox 1173 466 1290 520; x_wconf 89' lang='lat' dir='ltr'>copia</span> <span class='ocrx_word' id='word_1_22' title='bbox 1312 480 1487 520; x_wconf 85' lang='lat' dir='ltr'>pugnae,</span> 
     </span>
     <span class='ocr_line' id='line_1_11' title="bbox 350 526 1055 580; baseline -0.006 -10"><span class='ocrx_word' id='word_1_23' title='bbox 350 529 599 580; x_wconf 82' lang='lat' dir='ltr'>bellatorque</span> <span class='ocrx_word' id='word_1_24' title='bbox 622 527 757 567; x_wconf 91' lang='lat' dir='ltr'>animo</span> <span class='ocrx_word' id='word_1_25' title='bbox 781 527 881 567; x_wconf 92' lang='lat' dir='ltr'>deus</span> <span class='ocrx_word' id='word_1_26' title='bbox 905 526 1055 567; x_wconf 75' lang='lat' dir='ltr'>incidit.</span> 
     </span>
    </p>

    <p class='ocr_par' dir='ltr' id='par_1_10' title="bbox 352 587 1380 642">
     <span class='ocr_line' id='line_1_12' title="bbox 352 587 1380 642; baseline -0.002 -12"><span class='ocrx_word' id='word_1_27' title='bbox 352 589 586 637; x_wconf 84' lang='lat' dir='ltr'><strong>Pandarus,</strong></span> <span class='ocrx_word' id='word_1_28' title='bbox 611 594 657 627; x_wconf 85' lang='lat' dir='ltr'>ut</span> <span class='ocrx_word' id='word_1_29' title='bbox 679 587 773 628; x_wconf 86' lang='lat' dir='ltr'>fuso</span> <span class='ocrx_word' id='word_1_30' title='bbox 797 602 1037 641; x_wconf 87' lang='lat' dir='ltr'>germanum</span> <span class='ocrx_word' id='word_1_31' title='bbox 1061 602 1228 642; x_wconf 89' lang='lat' dir='ltr'>corpore</span> <span class='ocrx_word' id='word_1_32' title='bbox 1253 587 1380 628; x_wconf 88' lang='lat' dir='ltr'>cernit</span> 
     </span>
    </p>

    <p class='ocr_par' dir='ltr' id='par_1_11' title="bbox 349 648 1396 885">
     <span class='ocr_line' id='line_1_13' title="bbox 352 648 1367 703; baseline 0 -13"><span class='ocrx_word' id='word_1_33' title='bbox 352 656 391 690; x_wconf 88' lang='lat' dir='ltr'>et</span> <span class='ocrx_word' id='word_1_34' title='bbox 414 663 494 702; x_wconf 93' lang='lat' dir='ltr'>quo</span> <span class='ocrx_word' id='word_1_35' title='bbox 519 648 570 689; x_wconf 90' lang='lat' dir='ltr'>sit</span> <span class='ocrx_word' id='word_1_36' title='bbox 593 648 755 689; x_wconf 83' lang='lat' dir='ltr'>fortuna</span> <span class='ocrx_word' id='word_1_37' title='bbox 778 648 885 697; x_wconf 89' lang='lat' dir='ltr'>loco,</span> <span class='ocrx_word' id='word_1_38' title='bbox 911 648 1002 701; x_wconf 90' lang='lat' dir='ltr'>quis</span> <span class='ocrx_word' id='word_1_39' title='bbox 1027 662 1147 689; x_wconf 89' lang='lat' dir='ltr'>casus</span> <span class='ocrx_word' id='word_1_40' title='bbox 1171 654 1267 703; x_wconf 86' lang='lat' dir='ltr'>agat</span> <span class='ocrx_word' id='word_1_41' title='bbox 1289 662 1367 698; x_wconf 75' lang='lat' dir='ltr'>ree,</span> 
     </span>
     <span class='ocr_line' id='line_1_14' title="bbox 349 709 1345 765; baseline 0.001 -16"><span class='ocrx_word' id='word_1_42' title='bbox 349 716 506 765; x_wconf 84' lang='lat' dir='ltr'>portam</span> <span class='ocrx_word' id='word_1_43' title='bbox 530 709 571 749; x_wconf 93' lang='lat' dir='ltr'>vi</span> <span class='ocrx_word' id='word_1_44' title='bbox 593 724 743 763; x_wconf 84' lang='lat' dir='ltr'>magna</span> <span class='ocrx_word' id='word_1_45' title='bbox 766 723 963 750; x_wconf 89' lang='lat' dir='ltr'>converso</span> <span class='ocrx_word' id='word_1_46' title='bbox 987 709 1150 750; x_wconf 88' lang='lat' dir='ltr'>cardine</span> <span class='ocrx_word' id='word_1_47' title='bbox 1173 715 1345 762; x_wconf 82' lang='lat' dir='ltr'><strong>torquet,</strong></span> 
     </span>
     <span class='ocr_line' id='line_1_15' title="bbox 350 769 1309 823; baseline 0 -12"><span class='ocrx_word' id='word_1_48' title='bbox 350 771 524 812; x_wconf 89' lang='lat' dir='ltr'>obnixus</span> <span class='ocrx_word' id='word_1_49' title='bbox 549 770 640 811; x_wconf 90' lang='lat' dir='ltr'>latis</span> <span class='ocrx_word' id='word_1_50' title='bbox 666 769 863 819; x_wconf 91' lang='lat' dir='ltr'>humeris,</span> <span class='ocrx_word' id='word_1_51' title='bbox 888 769 1118 823; x_wconf 88' lang='lat' dir='ltr'>multosque</span> <span class='ocrx_word' id='word_1_52' title='bbox 1143 785 1309 811; x_wconf 89' lang='lat' dir='ltr'>suorum</span> 
     </span>
     <span class='ocr_line' id='line_1_16' title="bbox 349 830 1396 885; baseline -0.001 -12"><span class='ocrx_word' id='word_1_53' title='bbox 349 831 562 873; x_wconf 89' lang='lat' dir='ltr'>moenibus</span> <span class='ocrx_word' id='word_1_54' title='bbox 587 830 776 872; x_wconf 89' lang='lat' dir='ltr'>exclusos</span> <span class='ocrx_word' id='word_1_55' title='bbox 801 831 902 872; x_wconf 90' lang='lat' dir='ltr'>duro</span> <span class='ocrx_word' id='word_1_56' title='bbox 925 831 967 871; x_wconf 90' lang='lat' dir='ltr'>in</span> <span class='ocrx_word' id='word_1_57' title='bbox 992 832 1209 872; x_wconf 80' lang='lat' dir='ltr'>certamine</span> <span class='ocrx_word' id='word_1_58' title='bbox 1232 831 1377 885; x_wconf 89' lang='lat' dir='ltr'>linquit</span> <span class='ocrx_word' id='word_1_59' title='bbox 1385 848 1396 881; x_wconf 95' lang='lat'>;</span> 
     </span>
    </p>

    <p class='ocr_par' dir='ltr' id='par_1_12' title="bbox 348 891 1529 1480">
     <span class='ocr_line' id='line_1_17' title="bbox 350 891 1328 946; baseline 0 -13"><span class='ocrx_word' id='word_1_60' title='bbox 350 898 414 933; x_wconf 89' lang='lat' dir='ltr'>ast</span> <span class='ocrx_word' id='word_1_61' title='bbox 437 891 537 933; x_wconf 92' lang='lat' dir='ltr'>alios</span> <span class='ocrx_word' id='word_1_62' title='bbox 563 906 701 932; x_wconf 89' lang='lat' dir='ltr'>secum</span> <span class='ocrx_word' id='word_1_63' title='bbox 724 891 895 932; x_wconf 86' lang='lat' dir='ltr'>includit</span> <span class='ocrx_word' id='word_1_64' title='bbox 917 892 1139 946; x_wconf 78' lang='lat' dir='ltr'>recipitque</span> <span class='ocrx_word' id='word_1_65' title='bbox 1161 892 1328 942; x_wconf 88' lang='lat' dir='ltr'>ruentis,</span> 
     </span>
     <span class='ocr_line' id='line_1_18' title="bbox 350 951 1529 1008; baseline -0.001 -15"><span class='ocrx_word' id='word_1_66' title='bbox 350 951 535 993; x_wconf 79' lang='lat' dir='ltr'>demens!</span> <span class='ocrx_word' id='word_1_67' title='bbox 561 952 632 1005; x_wconf 92' lang='lat' dir='ltr'>qui</span> <span class='ocrx_word' id='word_1_68' title='bbox 654 951 852 993; x_wconf 86' lang='lat' dir='ltr'>Rutulum</span> <span class='ocrx_word' id='word_1_69' title='bbox 876 952 919 992; x_wconf 93' lang='lat' dir='ltr'>in</span> <span class='ocrx_word' id='word_1_70' title='bbox 941 952 1076 994; x_wconf 85' lang='lat' dir='ltr'>medio</span> <span class='ocrx_word' id='word_1_71' title='bbox 1099 967 1182 994; x_wconf 91' lang='lat' dir='ltr'>non</span> <span class='ocrx_word' id='word_1_72' title='bbox 1204 953 1367 1008; x_wconf 84' lang='lat' dir='ltr'>agmine</span> <span class='ocrx_word' id='word_1_73' title='bbox 1390 966 1529 1008; x_wconf 84' lang='lat' dir='ltr'>regem</span> 
     </span>
     <span class='ocr_line' id='line_1_19' title="bbox 349 1013 1400 1067; baseline 0 -14"><span class='ocrx_word' id='word_1_74' title='bbox 349 1013 496 1054; x_wconf 87' lang='lat' dir='ltr'>viderit</span> <span class='ocrx_word' id='word_1_75' title='bbox 517 1013 833 1067; x_wconf 83' lang='lat' dir='ltr'>inrumpentem,</span> <span class='ocrx_word' id='word_1_76' title='bbox 858 1013 1044 1066; x_wconf 91' lang='lat' dir='ltr'>ultroque</span> <span class='ocrx_word' id='word_1_77' title='bbox 1066 1013 1275 1054; x_wconf 80' lang='lat' dir='ltr'>incluserit</span> <span class='ocrx_word' id='word_1_78' title='bbox 1297 1013 1400 1062; x_wconf 92' lang='lat' dir='ltr'>urbi,</span> 
     </span>
     <span class='ocr_line' id='line_1_20' title="bbox 348 1074 1332 1130; baseline -0.001 -14"><span class='ocrx_word' id='word_1_79' title='bbox 348 1076 554 1116; x_wconf 89' lang='lat' dir='ltr'>inmanem</span> <span class='ocrx_word' id='word_1_80' title='bbox 575 1074 701 1115; x_wconf 86' lang='lat' dir='ltr'>veluti</span> <span class='ocrx_word' id='word_1_81' title='bbox 723 1088 871 1128; x_wconf 87' lang='lat' dir='ltr'>pecora</span> <span class='ocrx_word' id='word_1_82' title='bbox 893 1074 997 1115; x_wconf 87' lang='lat' dir='ltr'>inter</span> <span class='ocrx_word' id='word_1_83' title='bbox 1019 1074 1162 1115; x_wconf 90' lang='lat' dir='ltr'>inertia</span> <span class='ocrx_word' id='word_1_84' title='bbox 1185 1075 1332 1130; x_wconf 80' lang='lat' dir='ltr'>tigrim.</span> 
     </span>
     <span class='ocr_line' id='line_1_21' title="bbox 350 1135 1292 1177; baseline -0.001 0"><span class='ocrx_word' id='word_1_85' title='bbox 350 1135 541 1177; x_wconf 88' lang='lat' dir='ltr'>continuo</span> <span class='ocrx_word' id='word_1_86' title='bbox 564 1150 671 1176; x_wconf 86' lang='lat' dir='ltr'>nova</span> <span class='ocrx_word' id='word_1_87' title='bbox 693 1135 765 1175; x_wconf 89' lang='lat' dir='ltr'>lux</span> <span class='ocrx_word' id='word_1_88' title='bbox 789 1135 916 1176; x_wconf 87' lang='lat' dir='ltr'>oculis</span> <span class='ocrx_word' id='word_1_89' title='bbox 941 1135 1094 1176; x_wconf 86' lang='lat' dir='ltr'>effulsit</span> <span class='ocrx_word' id='word_1_90' title='bbox 1117 1141 1156 1176; x_wconf 88' lang='lat' dir='ltr'>et</span> <span class='ocrx_word' id='word_1_91' title='bbox 1180 1151 1292 1176; x_wconf 89' lang='lat' dir='ltr'>arma</span> 
     </span>
     <span class='ocr_line' id='line_1_22' title="bbox 348 1196 1415 1246; baseline 0 -9"><span class='ocrx_word' id='word_1_92' title='bbox 348 1196 595 1238; x_wconf 86' lang='lat' dir='ltr'>horrendum</span> <span class='ocrx_word' id='word_1_93' title='bbox 619 1210 807 1246; x_wconf 85' lang='lat' dir='ltr'>sonuere3</span> <span class='ocrx_word' id='word_1_94' title='bbox 833 1201 1009 1237; x_wconf 85' lang='lat' dir='ltr'>tremunt</span> <span class='ocrx_word' id='word_1_95' title='bbox 1031 1196 1074 1236; x_wconf 92' lang='lat' dir='ltr'>in</span> <span class='ocrx_word' id='word_1_96' title='bbox 1095 1197 1246 1237; x_wconf 88' lang='lat' dir='ltr'>vertice</span> <span class='ocrx_word' id='word_1_97' title='bbox 1270 1196 1415 1237; x_wconf 86' lang='lat' dir='ltr'>cristae</span> 
     </span>
     <span class='ocr_line' id='line_1_23' title="bbox 351 1257 1413 1312; baseline -0.002 -13"><span class='ocrx_word' id='word_1_98' title='bbox 351 1257 615 1312; x_wconf 81' lang='lat' dir='ltr'>sanguineae,</span> <span class='ocrx_word' id='word_1_99' title='bbox 641 1257 851 1311; x_wconf 89' lang='lat' dir='ltr'>clipeoque</span> <span class='ocrx_word' id='word_1_100' title='bbox 874 1257 1066 1298; x_wconf 86' lang='lat' dir='ltr'>micantia</span> <span class='ocrx_word' id='word_1_101' title='bbox 1087 1257 1259 1298; x_wconf 86' lang='lat' dir='ltr'>fulmina</span> <span class='ocrx_word' id='word_1_102' title='bbox 1281 1257 1413 1297; x_wconf 88' lang='lat' dir='ltr'>mittit.</span> 
     </span>
     <span class='ocr_line' id='line_1_24' title="bbox 350 1315 1527 1373; baseline -0.002 -14"><span class='ocrx_word' id='word_1_103' title='bbox 350 1318 608 1373; x_wconf 86' lang='lat' dir='ltr'>adgnoscunt</span> <span class='ocrx_word' id='word_1_104' title='bbox 631 1317 778 1358; x_wconf 89' lang='lat' dir='ltr'>faciem</span> <span class='ocrx_word' id='word_1_105' title='bbox 801 1318 974 1358; x_wconf 87' lang='lat' dir='ltr'>invisam</span> <span class='ocrx_word' id='word_1_106' title='bbox 999 1323 1119 1370; x_wconf 87' lang='lat' dir='ltr'>atque</span> <span class='ocrx_word' id='word_1_107' title='bbox 1142 1317 1322 1358; x_wconf 89' lang='lat' dir='ltr'>inmania</span> <span class='ocrx_word' id='word_1_108' title='bbox 1343 1315 1527 1357; x_wconf 85' lang='lat' dir='ltr'>membra</span> 
     </span>
     <span class='ocr_line' id='line_1_25' title="bbox 350 1377 1437 1433; baseline 0 -14"><span class='ocrx_word' id='word_1_109' title='bbox 350 1378 500 1420; x_wconf 90' lang='lat' dir='ltr'>turbati</span> <span class='ocrx_word' id='word_1_110' title='bbox 525 1378 661 1420; x_wconf 90' lang='lat' dir='ltr'>subito</span> <span class='ocrx_word' id='word_1_111' title='bbox 684 1377 918 1418; x_wconf 88' lang='lat' dir='ltr'>Aeneadae.</span> <span class='ocrx_word' id='word_1_112' title='bbox 943 1384 1031 1418; x_wconf 92' lang='lat' dir='ltr'>tum</span> <span class='ocrx_word' id='word_1_113' title='bbox 1054 1378 1268 1419; x_wconf 88' lang='lat' dir='ltr'>Pandarus</span> <span class='ocrx_word' id='word_1_114' title='bbox 1292 1378 1437 1433; x_wconf 88' lang='lat' dir='ltr'>ingens</span> 
     </span>
     <span class='ocr_line' id='line_1_26' title="bbox 351 1438 1236 1480; baseline -0.001 0"><span class='ocrx_word' id='word_1_115' title='bbox 351 1440 497 1480; x_wconf 91' lang='lat' dir='ltr'>emicat</span> <span class='ocrx_word' id='word_1_116' title='bbox 520 1445 560 1480; x_wconf 84' lang='lat' dir='ltr'>et</span> <span class='ocrx_word' id='word_1_117' title='bbox 582 1438 722 1480; x_wconf 90' lang='lat' dir='ltr'>mortis</span> <span class='ocrx_word' id='word_1_118' title='bbox 746 1438 947 1479; x_wconf 84' lang='lat' dir='ltr'>fraternae</span> <span class='ocrx_word' id='word_1_119' title='bbox 970 1438 1151 1480; x_wconf 85' lang='lat' dir='ltr'>fervidus</span> <span class='ocrx_word' id='word_1_120' title='bbox 1175 1439 1236 1479; x_wconf 90' lang='lat' dir='ltr'>ira</span> 
     </span>
    </p>

    <p class='ocr_par' dir='ltr' id='par_1_13' title="bbox 353 1498 1292 1554">
     <span class='ocr_line' id='line_1_27' title="bbox 353 1498 1292 1554; baseline -0.001 -13"><span class='ocrx_word' id='word_1_121' title='bbox 353 1500 515 1541; x_wconf 84' lang='lat' dir='ltr'>effatur:</span> <span class='ocrx_word' id='word_1_122' title='bbox 543 1514 650 1550; x_wconf 91' lang='lat' dir='ltr'>„non</span> <span class='ocrx_word' id='word_1_123' title='bbox 672 1499 774 1540; x_wconf 87' lang='lat' dir='ltr'>haec</span> <span class='ocrx_word' id='word_1_124' title='bbox 797 1498 943 1540; x_wconf 82' lang='lat' dir='ltr'>dotalis</span> <span class='ocrx_word' id='word_1_125' title='bbox 966 1499 1080 1554; x_wconf 83' lang='lat' dir='ltr'>regia</span> <span class='ocrx_word' id='word_1_126' title='bbox 1102 1498 1292 1549; x_wconf 81' lang='lat' dir='ltr'>Amatae,</span> 
     </span>
    </p>

    <p class='ocr_par' dir='ltr' id='par_1_14' title="bbox 350 1559 1464 1736">
     <span class='ocr_line' id='line_1_28' title="bbox 350 1559 1464 1614; baseline -0.001 -12"><span class='ocrx_word' id='word_1_127' title='bbox 350 1574 426 1602; x_wconf 88' lang='lat' dir='ltr'>nec</span> <span class='ocrx_word' id='word_1_128' title='bbox 448 1559 574 1601; x_wconf 87' lang='lat' dir='ltr'>muris</span> <span class='ocrx_word' id='word_1_129' title='bbox 599 1559 761 1601; x_wconf 90' lang='lat' dir='ltr'>cohibet</span> <span class='ocrx_word' id='word_1_130' title='bbox 783 1560 923 1614; x_wconf 88' lang='lat' dir='ltr'>patriis</span> <span class='ocrx_word' id='word_1_131' title='bbox 947 1560 1082 1601; x_wconf 90' lang='lat' dir='ltr'>media</span> <span class='ocrx_word' id='word_1_132' title='bbox 1103 1559 1244 1601; x_wconf 88' lang='lat' dir='ltr'>Ardea</span> <span class='ocrx_word' id='word_1_133' title='bbox 1268 1560 1464 1601; x_wconf 90' lang='lat' dir='ltr'>Turnum.</span> 
     </span>
     <span class='ocr_line' id='line_1_29' title="bbox 351 1621 1454 1676; baseline 0 -14"><span class='ocrx_word' id='word_1_134' title='bbox 351 1627 484 1663; x_wconf 87' lang='lat' dir='ltr'>castra</span> <span class='ocrx_word' id='word_1_135' title='bbox 505 1621 669 1662; x_wconf 86' lang='lat' dir='ltr'>inimica</span> <span class='ocrx_word' id='word_1_136' title='bbox 691 1621 825 1671; x_wconf 88' lang='lat' dir='ltr'>vides,</span> <span class='ocrx_word' id='word_1_137' title='bbox 850 1621 961 1662; x_wconf 91' lang='lat' dir='ltr'>nulla</span> <span class='ocrx_word' id='word_1_138' title='bbox 983 1621 1078 1663; x_wconf 91' lang='lat' dir='ltr'>hinc</span> <span class='ocrx_word' id='word_1_139' title='bbox 1102 1622 1210 1663; x_wconf 88' lang='lat' dir='ltr'>exire</span> <span class='ocrx_word' id='word_1_140' title='bbox 1234 1624 1454 1676; x_wconf 84' lang='lat' dir='ltr'>potestas.“</span> 
     </span>
     <span class='ocr_line' id='line_1_30' title="bbox 351 1681 1217 1736; baseline 0 -13"><span class='ocrx_word' id='word_1_141' title='bbox 351 1682 421 1723; x_wconf 91' lang='lat' dir='ltr'>olli</span> <span class='ocrx_word' id='word_1_142' title='bbox 445 1681 658 1724; x_wconf 85' lang='lat' dir='ltr'>subridens</span> <span class='ocrx_word' id='word_1_143' title='bbox 683 1682 824 1723; x_wconf 86' lang='lat' dir='ltr'>sedato</span> <span class='ocrx_word' id='word_1_144' title='bbox 846 1688 1009 1736; x_wconf 89' lang='lat' dir='ltr'>pectore</span> <span class='ocrx_word' id='word_1_145' title='bbox 1034 1682 1217 1724; x_wconf 87' lang='lat' dir='ltr'>Turnus:</span> 
     </span>
    </p>

    <p class='ocr_par' dir='ltr' id='par_1_15' title="bbox 350 1742 1504 2041">
     <span class='ocr_line' id='line_1_31' title="bbox 353 1742 1504 1797; baseline 0 -14"><span class='ocrx_word' id='word_1_146' title='bbox 353 1743 510 1797; x_wconf 88' lang='lat' dir='ltr'>„incipe</span> <span class='ocrx_word' id='word_1_147' title='bbox 518 1774 530 1793; x_wconf 94' lang='lat'>,</span> <span class='ocrx_word' id='word_1_148' title='bbox 556 1743 591 1784; x_wconf 89' lang='lat' dir='ltr'>si</span> <span class='ocrx_word' id='word_1_149' title='bbox 614 1757 695 1796; x_wconf 87' lang='lat' dir='ltr'>qua</span> <span class='ocrx_word' id='word_1_150' title='bbox 718 1742 853 1784; x_wconf 87' lang='lat' dir='ltr'>animo</span> <span class='ocrx_word' id='word_1_151' title='bbox 875 1743 1023 1793; x_wconf 87' lang='lat' dir='ltr'>virtus,</span> <span class='ocrx_word' id='word_1_152' title='bbox 1049 1749 1089 1784; x_wconf 85' lang='lat' dir='ltr'>et</span> <span class='ocrx_word' id='word_1_153' title='bbox 1112 1758 1278 1785; x_wconf 88' lang='lat' dir='ltr'>consere</span> <span class='ocrx_word' id='word_1_154' title='bbox 1302 1743 1485 1784; x_wconf 87' lang='lat' dir='ltr'>dextram</span> <span class='ocrx_word' id='word_1_155' title='bbox 1493 1759 1504 1792; x_wconf 93' lang='lat'>;</span> 
     </span>
     <span class='ocr_line' id='line_1_32' title="bbox 350 1803 1443 1846; baseline 0.001 -2"><span class='ocrx_word' id='word_1_156' title='bbox 350 1804 418 1845; x_wconf 91' lang='lat' dir='ltr'>hic</span> <span class='ocrx_word' id='word_1_157' title='bbox 441 1804 564 1845; x_wconf 87' lang='lat' dir='ltr'>etiam</span> <span class='ocrx_word' id='word_1_158' title='bbox 586 1804 796 1845; x_wconf 88' lang='lat' dir='ltr'>inventum</span> <span class='ocrx_word' id='word_1_159' title='bbox 819 1803 984 1846; x_wconf 88' lang='lat' dir='ltr'>Priamo</span> <span class='ocrx_word' id='word_1_160' title='bbox 1007 1805 1189 1846; x_wconf 84' lang='lat' dir='ltr'>narrabis</span> <span class='ocrx_word' id='word_1_161' title='bbox 1213 1804 1443 1846; x_wconf 86' lang='lat' dir='ltr'>Achillen.“</span> 
     </span>
     <span class='ocr_line' id='line_1_33' title="bbox 352 1865 1306 1907; baseline 0 -1"><span class='ocrx_word' id='word_1_162' title='bbox 352 1866 521 1906; x_wconf 83' lang='lat' dir='ltr'>dixerat.</span> <span class='ocrx_word' id='word_1_163' title='bbox 545 1865 613 1906; x_wconf 92' lang='lat' dir='ltr'>ille</span> <span class='ocrx_word' id='word_1_164' title='bbox 635 1865 780 1906; x_wconf 89' lang='lat' dir='ltr'>rudem</span> <span class='ocrx_word' id='word_1_165' title='bbox 801 1866 920 1907; x_wconf 90' lang='lat' dir='ltr'>nodis</span> <span class='ocrx_word' id='word_1_166' title='bbox 945 1871 986 1906; x_wconf 93' lang='lat' dir='ltr'>et</span> <span class='ocrx_word' id='word_1_167' title='bbox 1009 1866 1156 1906; x_wconf 89' lang='lat' dir='ltr'>cortice</span> <span class='ocrx_word' id='word_1_168' title='bbox 1181 1866 1306 1907; x_wconf 90' lang='lat' dir='ltr'>crudo</span> 
     </span>
     <span class='ocr_line' id='line_1_34' title="bbox 351 1925 1328 1979; baseline 0.001 -13"><span class='ocrx_word' id='word_1_169' title='bbox 351 1926 556 1979; x_wconf 85' lang='lat' dir='ltr'>intorquet</span> <span class='ocrx_word' id='word_1_170' title='bbox 580 1926 749 1967; x_wconf 85' lang='lat' dir='ltr'>summis</span> <span class='ocrx_word' id='word_1_171' title='bbox 774 1926 947 1967; x_wconf 83' lang='lat' dir='ltr'>adnixus</span> <span class='ocrx_word' id='word_1_172' title='bbox 971 1925 1125 1967; x_wconf 88' lang='lat' dir='ltr'>viribus</span> <span class='ocrx_word' id='word_1_173' title='bbox 1149 1926 1328 1976; x_wconf 83' lang='lat' dir='ltr'>hastam3</span> 
     </span>
     <span class='ocr_line' id='line_1_35' title="bbox 353 1986 1228 2041; baseline -0.001 -13"><span class='ocrx_word' id='word_1_174' title='bbox 353 2001 549 2041; x_wconf 83' lang='lat' dir='ltr'>excepere</span> <span class='ocrx_word' id='word_1_175' title='bbox 572 2001 713 2037; x_wconf 85' lang='lat' dir='ltr'>aurae,</span> <span class='ocrx_word' id='word_1_176' title='bbox 737 1987 883 2028; x_wconf 88' lang='lat' dir='ltr'>volnus</span> <span class='ocrx_word' id='word_1_177' title='bbox 910 1986 1102 2028; x_wconf 87' lang='lat' dir='ltr'>Saturnia</span> <span class='ocrx_word' id='word_1_178' title='bbox 1124 1988 1228 2028; x_wconf 94' lang='lat' dir='ltr'>Iuno</span> 
     </span>
    </p>

    <p class='ocr_par' dir='ltr' id='par_1_16' title="bbox 352 2047 1332 2102">
     <span class='ocr_line' id='line_1_36' title="bbox 352 2047 1332 2102; baseline -0.001 -13"><span class='ocrx_word' id='word_1_179' title='bbox 352 2048 522 2090; x_wconf 88' lang='lat' dir='ltr'>detorsit</span> <span class='ocrx_word' id='word_1_180' title='bbox 544 2047 731 2097; x_wconf 88' lang='lat' dir='ltr'>veniens,</span> <span class='ocrx_word' id='word_1_181' title='bbox 755 2053 976 2102; x_wconf 86' lang='lat' dir='ltr'>portaeque</span> <span class='ocrx_word' id='word_1_182' title='bbox 999 2048 1181 2102; x_wconf 87' lang='lat' dir='ltr'>infigitur</span> <span class='ocrx_word' id='word_1_183' title='bbox 1203 2048 1332 2089; x_wconf 88' lang='lat' dir='ltr'>hasta.</span> 
     </span>
    </p>

    <p class='ocr_par' dir='ltr' id='par_1_17' title="bbox 354 2108 1482 2286">
     <span class='ocr_line' id='line_1_37' title="bbox 356 2108 1465 2162; baseline -0.002 -12"><span class='ocrx_word' id='word_1_184' title='bbox 356 2115 423 2160; x_wconf 87' lang='lat' dir='ltr'>„at</span> <span class='ocrx_word' id='word_1_185' title='bbox 445 2123 528 2150; x_wconf 91' lang='lat' dir='ltr'>non</span> <span class='ocrx_word' id='word_1_186' title='bbox 549 2108 627 2150; x_wconf 89' lang='lat' dir='ltr'>hoc</span> <span class='ocrx_word' id='word_1_187' title='bbox 650 2108 794 2158; x_wconf 89' lang='lat' dir='ltr'>telum,</span> <span class='ocrx_word' id='word_1_188' title='bbox 819 2123 911 2150; x_wconf 84' lang='lat' dir='ltr'>mea</span> <span class='ocrx_word' id='word_1_189' title='bbox 933 2109 1044 2162; x_wconf 86' lang='lat' dir='ltr'>quod</span> <span class='ocrx_word' id='word_1_190' title='bbox 1066 2109 1107 2150; x_wconf 90' lang='lat' dir='ltr'>vi</span> <span class='ocrx_word' id='word_1_191' title='bbox 1130 2110 1296 2150; x_wconf 87' lang='lat' dir='ltr'>dextera</span> <span class='ocrx_word' id='word_1_192' title='bbox 1318 2114 1465 2157; x_wconf 84' lang='lat' dir='ltr'>versat,</span> 
     </span>
     <span class='ocr_line' id='line_1_38' title="bbox 354 2169 1482 2225; baseline -0.002 -14"><span class='ocrx_word' id='word_1_193' title='bbox 354 2169 526 2225; x_wconf 87' lang='lat' dir='ltr'>effugies</span> <span class='ocrx_word' id='word_1_194' title='bbox 534 2186 545 2220; x_wconf 91' lang='lat'>;</span> <span class='ocrx_word' id='word_1_195' title='bbox 569 2184 702 2223; x_wconf 90' lang='lat' dir='ltr'>neque</span> <span class='ocrx_word' id='word_1_196' title='bbox 725 2170 832 2211; x_wconf 92' lang='lat' dir='ltr'>enim</span> <span class='ocrx_word' id='word_1_197' title='bbox 855 2170 890 2211; x_wconf 91' lang='lat' dir='ltr'>is</span> <span class='ocrx_word' id='word_1_198' title='bbox 914 2170 984 2210; x_wconf 91' lang='lat' dir='ltr'>teli</span> <span class='ocrx_word' id='word_1_199' title='bbox 1006 2184 1082 2211; x_wconf 91' lang='lat' dir='ltr'>nec</span> <span class='ocrx_word' id='word_1_200' title='bbox 1104 2170 1279 2211; x_wconf 85' lang='lat' dir='ltr'>volneris</span> <span class='ocrx_word' id='word_1_201' title='bbox 1304 2170 1482 2210; x_wconf 82' lang='lat' dir='ltr'>auctor.“</span> 
     </span>
     <span class='ocr_line' id='line_1_39' title="bbox 354 2230 1362 2286; baseline -0.002 -14"><span class='ocrx_word' id='word_1_202' title='bbox 354 2230 414 2272; x_wconf 88' lang='lat' dir='ltr'>sic</span> <span class='ocrx_word' id='word_1_203' title='bbox 437 2231 493 2272; x_wconf 91' lang='lat' dir='ltr'>ait</span> <span class='ocrx_word' id='word_1_204' title='bbox 517 2237 557 2272; x_wconf 89' lang='lat' dir='ltr'>et</span> <span class='ocrx_word' id='word_1_205' title='bbox 580 2230 785 2272; x_wconf 86' lang='lat' dir='ltr'>sublatum</span> <span class='ocrx_word' id='word_1_206' title='bbox 808 2230 888 2272; x_wconf 86' lang='lat' dir='ltr'>alte</span> <span class='ocrx_word' id='word_1_207' title='bbox 912 2231 1121 2286; x_wconf 83' lang='lat' dir='ltr'>consurgit</span> <span class='ocrx_word' id='word_1_208' title='bbox 1143 2231 1187 2271; x_wconf 90' lang='lat' dir='ltr'>in</span> <span class='ocrx_word' id='word_1_209' title='bbox 1210 2245 1362 2279; x_wconf 86' lang='lat' dir='ltr'>ensem,</span> 
     </span>
    </p>

    <p class='ocr_par' dir='ltr' id='par_1_18' title="bbox 354 2291 1441 2407">
     <span class='ocr_line' id='line_1_40' title="bbox 354 2291 1441 2347; baseline -0.001 -15"><span class='ocrx_word' id='word_1_210' title='bbox 354 2297 395 2332; x_wconf 90' lang='lat' dir='ltr'>et</span> <span class='ocrx_word' id='word_1_211' title='bbox 417 2291 595 2332; x_wconf 89' lang='lat' dir='ltr'>mediam</span> <span class='ocrx_word' id='word_1_212' title='bbox 617 2291 725 2333; x_wconf 87' lang='lat' dir='ltr'>ferro</span> <span class='ocrx_word' id='word_1_213' title='bbox 748 2291 912 2347; x_wconf 89' lang='lat' dir='ltr'>gemina</span> <span class='ocrx_word' id='word_1_214' title='bbox 933 2291 1038 2333; x_wconf 91' lang='lat' dir='ltr'>inter</span> <span class='ocrx_word' id='word_1_215' title='bbox 1060 2298 1243 2347; x_wconf 88' lang='lat' dir='ltr'>tempora</span> <span class='ocrx_word' id='word_1_216' title='bbox 1265 2291 1441 2332; x_wconf 87' lang='lat' dir='ltr'>frontem</span> 
     </span>
     <span class='ocr_line' id='line_1_41' title="bbox 355 2351 1302 2407; baseline -0.001 -14"><span class='ocrx_word' id='word_1_217' title='bbox 355 2352 499 2393; x_wconf 89' lang='lat' dir='ltr'>dividit</span> <span class='ocrx_word' id='word_1_218' title='bbox 521 2351 775 2407; x_wconf 89' lang='lat' dir='ltr'>inpubesque</span> <span class='ocrx_word' id='word_1_219' title='bbox 798 2352 952 2393; x_wconf 90' lang='lat' dir='ltr'>inmani</span> <span class='ocrx_word' id='word_1_220' title='bbox 974 2352 1138 2394; x_wconf 85' lang='lat' dir='ltr'>volnere</span> <span class='ocrx_word' id='word_1_221' title='bbox 1161 2352 1302 2393; x_wconf 85' lang='lat' dir='ltr'>malas.</span> 
     </span>
    </p>

    <p class='ocr_par' dir='ltr' id='par_1_19' title="bbox 354 2412 1532 2711">
     <span class='ocr_line' id='line_1_42' title="bbox 354 2412 1414 2468; baseline -0.002 -14"><span class='ocrx_word' id='word_1_222' title='bbox 354 2413 400 2454; x_wconf 85' lang='lat' dir='ltr'>fit</span> <span class='ocrx_word' id='word_1_223' title='bbox 424 2427 566 2462; x_wconf 89' lang='lat' dir='ltr'>sonus,</span> <span class='ocrx_word' id='word_1_224' title='bbox 590 2412 746 2468; x_wconf 85' lang='lat' dir='ltr'>ingenti</span> <span class='ocrx_word' id='word_1_225' title='bbox 769 2427 967 2454; x_wconf 88' lang='lat' dir='ltr'>concussa</span> <span class='ocrx_word' id='word_1_226' title='bbox 990 2419 1053 2455; x_wconf 88' lang='lat' dir='ltr'>est</span> <span class='ocrx_word' id='word_1_227' title='bbox 1074 2413 1252 2468; x_wconf 88' lang='lat' dir='ltr'>pondere</span> <span class='ocrx_word' id='word_1_228' title='bbox 1276 2412 1394 2453; x_wconf 87' lang='lat' dir='ltr'>tellus</span> <span class='ocrx_word' id='word_1_229' title='bbox 1402 2428 1414 2462; x_wconf 81' lang='lat'>3</span> 
     </span>
     <span class='ocr_line' id='line_1_43' title="bbox 357 2473 1365 2528; baseline -0.001 -13"><span class='ocrx_word' id='word_1_230' title='bbox 357 2474 571 2528; x_wconf 89' lang='lat' dir='ltr'>conlapsos</span> <span class='ocrx_word' id='word_1_231' title='bbox 595 2480 707 2515; x_wconf 88' lang='lat' dir='ltr'>artus</span> <span class='ocrx_word' id='word_1_232' title='bbox 732 2480 853 2527; x_wconf 86' lang='lat' dir='ltr'>atque</span> <span class='ocrx_word' id='word_1_233' title='bbox 877 2489 989 2515; x_wconf 88' lang='lat' dir='ltr'>arma</span> <span class='ocrx_word' id='word_1_234' title='bbox 1012 2479 1178 2516; x_wconf 85' lang='lat' dir='ltr'>cruenta</span> <span class='ocrx_word' id='word_1_235' title='bbox 1201 2473 1365 2515; x_wconf 88' lang='lat' dir='ltr'>cerebro</span> 
     </span>
     <span class='ocr_line' id='line_1_44' title="bbox 358 2533 1447 2590; baseline -0.002 -15"><span class='ocrx_word' id='word_1_236' title='bbox 358 2534 498 2575; x_wconf 87' lang='lat' dir='ltr'>sternit</span> <span class='ocrx_word' id='word_1_237' title='bbox 520 2534 635 2575; x_wconf 91' lang='lat' dir='ltr'>humi</span> <span class='ocrx_word' id='word_1_238' title='bbox 657 2534 850 2585; x_wconf 88' lang='lat' dir='ltr'>moriens,</span> <span class='ocrx_word' id='word_1_239' title='bbox 875 2540 998 2588; x_wconf 88' lang='lat' dir='ltr'>atque</span> <span class='ocrx_word' id='word_1_240' title='bbox 1019 2535 1079 2576; x_wconf 86' lang='lat' dir='ltr'>illi</span> <span class='ocrx_word' id='word_1_241' title='bbox 1101 2534 1282 2590; x_wconf 87' lang='lat' dir='ltr'>partibus</span> <span class='ocrx_word' id='word_1_242' title='bbox 1307 2533 1447 2587; x_wconf 86' lang='lat' dir='ltr'>aequis</span> 
     </span>
     <span class='ocr_line' id='line_1_45' title="bbox 357 2592 1532 2652; baseline -0.003 -16"><span class='ocrx_word' id='word_1_243' title='bbox 357 2595 437 2636; x_wconf 90' lang='lat' dir='ltr'>huc</span> <span class='ocrx_word' id='word_1_244' title='bbox 461 2601 584 2652; x_wconf 84' lang='lat' dir='ltr'>caput</span> <span class='ocrx_word' id='word_1_245' title='bbox 606 2603 727 2649; x_wconf 87' lang='lat' dir='ltr'>atque</span> <span class='ocrx_word' id='word_1_246' title='bbox 750 2595 846 2637; x_wconf 89' lang='lat' dir='ltr'>illuc</span> <span class='ocrx_word' id='word_1_247' title='bbox 869 2595 1039 2637; x_wconf 88' lang='lat' dir='ltr'>humero</span> <span class='ocrx_word' id='word_1_248' title='bbox 1062 2610 1114 2637; x_wconf 88' lang='lat' dir='ltr'>ex</span> <span class='ocrx_word' id='word_1_249' title='bbox 1136 2602 1308 2649; x_wconf 88' lang='lat' dir='ltr'>utroque</span> <span class='ocrx_word' id='word_1_250' title='bbox 1330 2592 1532 2649; x_wconf 87' lang='lat' dir='ltr'>pependit.</span> 
     </span>
     <span class='ocr_line' id='line_1_46' title="bbox 359 2656 1291 2711; baseline 0 -15"><span class='ocrx_word' id='word_1_251' title='bbox 359 2656 577 2711; x_wconf 83' lang='lat' dir='ltr'>diffugiunt</span> <span class='ocrx_word' id='word_1_252' title='bbox 599 2657 708 2698; x_wconf 87' lang='lat' dir='ltr'>versi</span> <span class='ocrx_word' id='word_1_253' title='bbox 731 2657 887 2711; x_wconf 88' lang='lat' dir='ltr'>trepida</span> <span class='ocrx_word' id='word_1_254' title='bbox 909 2656 1125 2698; x_wconf 86' lang='lat' dir='ltr'>formidine</span> <span class='ocrx_word' id='word_1_255' title='bbox 1148 2656 1291 2697; x_wconf 89' lang='lat' dir='ltr'>Troes.</span> 
     </span>
    </p>

    <p class='ocr_par' dir='ltr' id='par_1_20' title="bbox 359 2716 1291 2766">
     <span class='ocr_line' id='line_1_47' title="bbox 359 2716 1291 2766; baseline -0.001 -8"><span class='ocrx_word' id='word_1_256' title='bbox 359 2723 399 2758; x_wconf 88' lang='lat' dir='ltr'>et</span> <span class='ocrx_word' id='word_1_257' title='bbox 423 2717 457 2758; x_wconf 89' lang='lat' dir='ltr'>si</span> <span class='ocrx_word' id='word_1_258' title='bbox 481 2717 671 2759; x_wconf 91' lang='lat' dir='ltr'>continuo</span> <span class='ocrx_word' id='word_1_259' title='bbox 693 2717 887 2759; x_wconf 86' lang='lat' dir='ltr'>victorem</span> <span class='ocrx_word' id='word_1_260' title='bbox 912 2732 960 2759; x_wconf 89' lang='lat' dir='ltr'>ea</span> <span class='ocrx_word' id='word_1_261' title='bbox 983 2732 1079 2759; x_wconf 85' lang='lat' dir='ltr'>cura</span> <span class='ocrx_word' id='word_1_262' title='bbox 1102 2716 1291 2766; x_wconf 85' lang='lat' dir='ltr'>subisset,</span> 
     </span>
    </p>
   </div>
  </div>
 </body>
</html>
