1794 3048
269 651 332 682 :335

269 954 334 984 340

270 1257 333 1288 345

270 1562 334 1591 350

270 1866 333 1896 355

269 2168 334 2199 360

270 2470 334 2501 365

363 290 442 331 176
759 296 802 330 Ρ.
820 294 1051 331 VERGILII
1067 294 1290 332 MARONIS

357 398 424 439 hic
447 397 603 438 iuvenis
628 396 709 436 iam
732 395 861 436 victor
884 409 1011 436 ovans
1035 395 1208 450 vestigia
1229 410 1371 450 presso

356 458 467 499 haud
490 456 619 497 tenuit
641 455 814 496 titubata
837 454 942 504 solo,
969 455 1042 496 sed
1062 469 1215 509 pronus
1239 456 1282 496 in
1304 456 1395 510 ipso

357 517 533 559 concidit
554 515 831 568 inmundoque
854 515 950 556 fimo
975 529 1170 568 sacroque
1195 530 1349 558 cruore.

356 593 439 619 non
461 583 598 618 tamen
619 575 809 630 Euryali,
834 590 916 616 non
937 575 1005 616 ille
1029 575 1177 617 oblitus
1202 591 1405 627 amorum;

355 652 451 678 nam
476 651 566 678 sese
590 636 780 691 opposuit
805 634 918 677 Salio
940 650 1014 691 per
1035 636 1192 678 lubrica
1216 652 1386 693 surgens
1394 654 1406 688 ;

356 698 423 739 ille
447 703 584 739 autem
609 697 743 751 spissa
764 696 889 737 iacuit
910 696 1118 738 revolutus
1143 712 1277 739 arena.

357 759 504 800 emicat
525 757 732 812 Euryalus
757 763 798 798 et
819 772 986 799 munere
1010 758 1137 799 victor
1160 758 1280 800 amici

356 819 488 874 prima
510 824 637 868 tenet,
661 818 889 872 plausuque
912 818 1023 859 volat
1045 818 1289 872 fremituque
1314 820 1504 861 secundo.

355 885 450 934 post
473 879 678 933 Helymus
703 878 813 920 subit
837 885 876 920 et
899 893 1008 920 nune
1031 879 1148 920 tertia
1170 880 1307 934 palma
1328 880 1492 922 Diores.

357 940 424 981 hic
447 946 577 980 totum
601 953 749 980 caveae
774 953 1013 980 consessum
1035 940 1211 994 ingentis
1237 946 1276 981 et
1299 955 1370 982 ora

355 1000 488 1056 prima
509 1006 671 1055 patrum
693 1000 855 1055 magnis
881 999 1018 1041 Salius
1043 1000 1287 1042 clamoribus
1311 1001 1450 1056 inplet,

357 1067 621 1115 ereptumque
645 1060 738 1102 dolo
760 1061 876 1101 reddi
901 1060 978 1102 sibi
1000 1061 1132 1115 poscit
1154 1061 1361 1103 honorem.

357 1127 511 1163 tutatur
533 1121 650 1162 favor
671 1120 900 1175 Euryalum
923 1121 1195 1174 lacrimaeque
1219 1122 1389 1163 decorae

357 1183 510 1238 gratior
533 1188 574 1223 et
594 1182 764 1237 pulchro
789 1182 955 1224 veniens
980 1182 1024 1223 in
1046 1196 1213 1237 corpore
1237 1183 1377 1225 virtus.

358 1245 525 1285 adiuvat
548 1249 588 1285 et
610 1259 760 1299 magna
783 1243 1006 1298 proclamat
1034 1258 1135 1285 voce
1158 1243 1322 1293 Diores,

357 1306 428 1359 qui
452 1305 576 1347 subiit
598 1305 776 1359 palmae,
802 1305 1033 1358 frustraque
1057 1306 1110 1346 ad
1132 1306 1313 1359 praemia
1337 1306 1447 1347 venit

357 1368 517 1417 ultima,
544 1367 579 1408 si
601 1367 722 1421 primi
747 1365 860 1408 Salio
883 1367 1103 1407 reddantur
1125 1367 1311 1408 honores.

358 1435 445 1469 tum
467 1434 583 1482 pater
605 1427 771 1468 Aeneas
798 1433 958 1478 „vestra
967 1429 988 1449 “
1013 1427 1144 1481 inquit
1169 1442 1363 1479 „munera
1385 1428 1501 1470 vobis

358 1494 468 1530 certa
490 1493 673 1538 manent,
697 1488 832 1542 pueri,
858 1493 898 1528 et
920 1487 1099 1542 palmam
1122 1494 1259 1530 movet
1282 1489 1421 1530 ordine
1444 1504 1582 1539 nemo3

356 1564 422 1590 me
446 1549 566 1590 liceat
589 1563 709 1590 casus
733 1548 917 1589 miserari
939 1548 1111 1591 insontis
1136 1549 1294 1590 amici.“

358 1611 417 1651 sic
440 1610 550 1651 fatus
574 1616 735 1664 tergum
760 1608 926 1651 Gaetuli
947 1609 1110 1655 inmane
1133 1609 1262 1651 leonis

357 1671 428 1712 dat
453 1669 584 1720 Salio,
610 1670 716 1711 villis
741 1685 959 1712 onerosum
981 1676 1104 1724 atque
1127 1670 1334 1726 unguibus
1358 1671 1504 1712 aureis.

357 1731 424 1772 hic
446 1731 573 1774 Nisus
600 1731 661 1782 „si
684 1734 821 1772 tanta“
846 1731 978 1784 inquit
1003 1737 1125 1783 „sunt
1146 1731 1327 1786 praemia
1349 1731 1481 1782 vietis,

358 1798 398 1834 et
421 1798 461 1833 te
484 1793 691 1846 lapsorum
715 1793 898 1842 miseret,
924 1807 1028 1845 quae
1052 1807 1222 1834 munera
1242 1792 1345 1834 Niso

358 1853 482 1908 digna
505 1853 647 1894 dabis?
669 1853 843 1907 primam
866 1853 997 1893 merui
1020 1853 1091 1906 qui
1112 1853 1233 1894 laude
1257 1867 1460 1902 coronam,

357 1913 400 1954 ni
423 1927 506 1962 me,
533 1927 638 1966 quae
665 1912 841 1963 Salium,
865 1913 1028 1954 fortuna
1051 1913 1215 1954 inimica
1238 1913 1436 1954 tulisset.“

357 1979 398 2014 et
422 1973 543 2014 simul
565 1973 628 2014 his
653 1973 771 2015 dietis
796 1973 946 2014 faciem
969 1973 1199 2014 ostentabat
1222 1979 1262 2014 et
1285 1973 1367 2014 udo

357 2034 491 2088 turpia
512 2033 696 2075 membra
718 2034 827 2074 fimo.
851 2035 942 2075 risit
963 2039 1079 2088 pater
1101 2033 1276 2088 optimus
1301 2033 1382 2082 olli,

358 2101 399 2135 et
421 2095 596 2149 clipeum
620 2094 754 2135 efferri
776 2095 912 2145 iussit,
937 2093 1210 2149 Didymaonis
1234 2093 1343 2142 artis,

356 2155 538 2209 Neptuni
562 2170 676 2196 sacro
699 2155 859 2197 Danais
885 2157 935 2197 de
959 2160 1076 2210 poste
1098 2154 1282 2195 refixum.

356 2216 436 2257 hoe
458 2216 648 2257 iuvenem
672 2217 882 2271 egregium
905 2215 1127 2271 praestanti
1151 2229 1318 2255 munere
1342 2215 1476 2256 donat.

412 2275 533 2326 Post,
558 2276 630 2318 ubi
654 2277 829 2318 confecti
853 2292 996 2318 cursus
1022 2283 1062 2318 et
1084 2277 1191 2317 dona
1213 2276 1382 2331 peregit,

361 2352 512 2388 „nunc,
539 2338 574 2378 si
598 2338 664 2378 cui
687 2338 815 2379 virtus
841 2339 1081 2391 animusque
1104 2337 1146 2378 in
1169 2342 1332 2391 pectore
1354 2351 1559 2391 praesens,

358 2398 465 2439 adsit
488 2404 529 2439 et
551 2398 720 2440 evinctis
746 2399 902 2440 attollat
924 2398 1089 2440 brachia
1110 2397 1297 2452 palmis.“

359 2458 418 2499 sic
441 2458 498 2500 ait
521 2464 561 2500 et
583 2459 792 2514 geminum
815 2474 980 2515 pugnae
1002 2458 1192 2514 proponit
1214 2458 1421 2506 honorem,

357 2519 502 2561 victori
523 2520 704 2561 velatum
727 2535 826 2561 auro
850 2520 1041 2573 vittisque
1064 2519 1293 2567 iuvencum,

359 2594 499 2621 ensem
522 2586 643 2634 atque
666 2581 868 2636 insignem
891 2581 1050 2636 galeam
1075 2579 1218 2620 solatia
1241 2578 1359 2619 victo.

358 2655 434 2681 nec
457 2656 588 2691 mora3
614 2642 804 2683 continuo
827 2642 954 2683 vastis
979 2655 1072 2681 cum
1095 2639 1248 2681 viribus
1273 2637 1389 2679 effert

359 2714 430 2741 ora
451 2701 586 2743 Dares
610 2717 840 2756 magnoque
863 2702 995 2743 virum
1020 2715 1064 2743 se
1087 2713 1291 2741 murmure
1316 2698 1437 2747 tollit3
