1780 3074
579 268 838 307 AENEIDOS
863 268 960 304 LIB.
974 268 1040 304 VI.
1248 262 1257 266 ⁷
1405 257 1489 300 209

128 376 358 432 terrenique
381 375 580 418 hebetant
603 380 716 416 artus
739 371 1068 426 moribundaque
1092 370 1290 414 membra.

128 440 224 483 hinc
246 444 436 481 metuunt
453 437 719 493 cupiuntque,
744 435 883 477 dolent
906 434 1185 491 gaudentque,
1209 446 1344 488 neque
1367 447 1490 475 auras

128 502 352 558 dispiciunt
375 501 542 543 clausae
566 498 747 541 tenebris
772 504 814 540 et
837 511 1000 539 carcere
1025 511 1162 538 caeco.

128 564 229 620 quin
252 570 294 606 et
317 576 511 619 supremo
535 575 632 603 cum
653 560 810 602 lumine
833 559 920 601 vita
940 558 1118 613 reliquit,
1518 569 1583 601 735

129 641 213 669 non
237 631 376 668 tamen
399 638 522 666 omne
545 622 702 665 malum
725 622 909 674 miseris,
931 635 1010 663 nec
1032 620 1220 663 funditus
1246 634 1391 662 omnes

129 701 349 744 corporeae
373 685 580 728 excedunt
601 691 761 741 pestes,
785 683 1034 739 penitusque
1056 697 1229 725 necesse
1254 689 1319 724 est

128 750 260 792 multa
282 749 354 792 diu
377 753 570 790 concreta
592 746 727 789 modis
751 745 978 788 inolescere
1002 745 1130 788 miris.

130 826 230 869 ergo
254 815 497 853 exercentur
517 808 683 864 poenis,
709 814 979 861 veterumque
1001 807 1206 849 malorum

130 873 333 930 supplicia
356 871 612 927 expendunt:
638 870 742 912 aliae
764 869 1003 925 panduntur
1025 869 1170 910 inanes
1522 879 1587 910 740

130 948 358 991 suspensae
381 933 436 976 ad
458 938 624 983 ventos,
650 931 740 974 aliis
766 931 844 974 sub
868 931 1034 987 gurgite
1058 938 1178 973 vasto

127 997 330 1039 infectum
353 995 504 1037 eluitur
526 994 662 1036 scelus
686 999 758 1036 aut
782 994 968 1035 exuritur
990 993 1091 1050 igni.

129 1059 305 1114 quisque
330 1072 427 1099 suos
450 1056 632 1112 patimur
655 1070 819 1106 manes3
845 1055 995 1098 exinde
1017 1069 1094 1111 per
1117 1054 1303 1110 amplum

129 1120 330 1162 mittimur
351 1119 547 1175 Elysium
570 1123 611 1160 et
633 1118 758 1173 pauci
780 1117 890 1159 laeta
913 1132 1013 1159 arva
1037 1123 1240 1167 tenemus,

130 1182 262 1224 donec
284 1182 411 1238 longa
433 1181 522 1222 dies
545 1180 731 1236 perfecto
755 1180 952 1235 temporis
977 1179 1077 1221 orbe
1525 1192 1589 1222 745

132 1250 366 1286 concretam
389 1242 542 1284 exemit
563 1241 720 1292 labem,
745 1256 978 1297 purumque
1002 1241 1197 1296 relinquit

133 1305 362 1347 aetherium
386 1319 555 1346 sensum
579 1309 703 1357 atque
727 1303 843 1344 aurai
867 1303 1067 1358 simplicis
1092 1303 1246 1360 ignem.

133 1367 210 1409 has
235 1366 389 1416 omnis,
414 1365 488 1407 ubi
510 1365 623 1407 mille
644 1371 778 1406 rotam
801 1365 968 1408 volvere
992 1379 1067 1420 per
1090 1380 1236 1416 annos,

133 1428 371 1471 Lethaeum
394 1428 449 1469 ad
470 1427 645 1468 fiuvium
668 1427 771 1468 deus
797 1432 943 1468 evocat
966 1427 1132 1483 agmine
1156 1441 1322 1483 magno,

136 1492 292 1534 scilicet
315 1491 563 1533 inmemores
590 1504 739 1545 supera
762 1495 809 1531 ut
832 1503 1019 1531 convexa
1041 1490 1224 1531 revisant
1528 1502 1592 1532 750

135 1569 277 1596 rursus
302 1559 343 1595 et
365 1553 564 1608 incipiant
586 1552 631 1594 in
654 1566 826 1607 corpora
848 1551 955 1593 velle
978 1552 1169 1594 reverti.“

192 1616 371 1658 Dixerat
399 1615 629 1665 Anchises,
654 1620 880 1668 natumque
904 1628 1070 1668 unaque
1097 1612 1303 1669 Sibyllam

137 1684 364 1720 conventus
389 1677 514 1719 trahit
535 1677 580 1718 in
603 1676 763 1718 medios
788 1675 1036 1730 turbamque
1061 1683 1290 1726 sonantem,

138 1746 179 1781 et
202 1739 407 1780 tumulum
431 1738 559 1794 capit,
584 1738 695 1779 unde
720 1738 853 1780 omnis
878 1738 1004 1794 longo
1029 1738 1172 1780 ordine
1195 1743 1339 1793 posset

139 1801 335 1843 adversos
359 1800 498 1857 legere
523 1806 564 1841 et
586 1800 826 1841 venientum
851 1800 1009 1842 discere
1033 1799 1184 1841 voltus.
1530 1812 1594 1842 755

198 1862 345 1914 „Nunc
369 1877 467 1919 age,
490 1862 748 1904 Dardaniam
771 1862 930 1918 prolem
953 1877 1060 1916 quae
1084 1862 1232 1903 deinde
1257 1867 1454 1916 sequatur

139 1924 289 1981 gloria,
314 1925 386 1979 qui
410 1930 603 1966 maneant
626 1924 734 1966 Itala
756 1924 808 1966 de
832 1931 958 1980 gente
981 1930 1167 1980 nepotes,

138 1986 322 2029 inlustris
347 1987 505 2029 animas
529 1993 800 2041 nostrumque
823 1987 867 2028 in
890 2002 1042 2029 nomen
1065 1987 1208 2037 ituras,

56 2086 68 2094 .
141 2049 359 2105 expediam
383 2049 504 2091 dictis
529 2055 571 2091 et
593 2055 632 2091 te
658 2057 729 2091 tua
751 2049 840 2091 fata
862 2048 1035 2091 docebo.

139 2110 227 2162 ille,
252 2111 388 2162 vides,
411 2126 517 2167 pura.
538 2111 699 2153 iuvenis
724 2112 795 2165 qui
819 2112 962 2153 nititur
984 2111 1117 2161 hasta,
1532 2122 1597 2152 760

140 2174 329 2229 proxima
353 2179 462 2215 sorte
486 2179 599 2215 tenet
620 2173 726 2215 lucis
749 2173 859 2224 loca,
883 2173 1042 2228 primus
1067 2173 1120 2214 ad
1144 2187 1266 2214 auras

142 2235 344 2276 aetherias
368 2235 474 2276 Italo
497 2235 746 2277 commixtus
772 2235 975 2290 sanguine
1001 2241 1155 2290 surget,

146 2294 321 2346 Silvius,
346 2295 560 2338 Albanum
583 2310 753 2347 nomen,
778 2302 850 2338 tua
872 2303 1066 2351 postuma
1088 2295 1239 2351 proles,

144 2372 269 2412 quem
292 2357 367 2399 tibi
389 2357 594 2413 longaevo
619 2371 758 2398 serum
780 2358 962 2399 Lavinia
986 2358 1168 2399 coniunx

145 2419 293 2461 educet
317 2418 431 2461 silvis
456 2432 596 2475 regem
620 2432 849 2473 regumque
871 2425 1098 2473 parentem,
1534 2430 1599 2460 765

146 2481 255 2523 unde
278 2495 412 2537 genus
436 2480 562 2535 longa
583 2486 772 2521 nostrum
796 2478 1075 2521 dominabitur
1097 2478 1222 2520 Alba.

144 2543 357 2599 proximus
381 2542 450 2583 ille
473 2541 648 2590 Procas,
674 2540 878 2582 Troianae
901 2540 1035 2596 gloria
1057 2540 1206 2596 gentis,

147 2616 188 2646 et
213 2603 355 2660 Capys
380 2610 422 2646 et
443 2603 634 2645 Numitor
658 2609 699 2643 et
722 2603 794 2657 qui
818 2608 858 2644 te
882 2602 1047 2644 nomine
1070 2602 1215 2644 reddet

150 2664 306 2708 Silvius
329 2665 518 2716 Aeneas,
542 2664 696 2720 pariter
717 2664 871 2720 pietate
895 2663 963 2705 vel
986 2664 1112 2705 armis

149 2728 361 2784 egregius,
387 2728 422 2770 si
446 2742 644 2781 umquam
665 2726 923 2783 regnandam
947 2725 1150 2782 acceperit
1173 2724 1342 2767 Albam.
1535 2739 1600 2768 770

223 2804 373 2840 l'erqilitts.
1234 2799 1250 2832 l
1258 2798 1282 2832 4
