1734 3074
450 695 1007 748 BUCOLICA.

710 903 746 945 Ι.

314 1025 751 1066 MELIBOEUS.
811 1025 1148 1064 TITYRUS.

22 1158 34 1163 ⁶
102 1160 165 1202 M.
197 1160 359 1216 Tityre,
384 1166 431 1201 tu
453 1158 619 1215 patulae
642 1157 846 1200 recubans
872 1158 950 1200 sub
974 1159 1157 1214 tegmine
1180 1158 1270 1215 fagi

31 1222 277 1265 silvestrem
301 1222 415 1264 tenui
437 1221 610 1263 Musam
633 1221 844 1263 meditaris
870 1236 1022 1263 avena:

46 1299 122 1326 nos
146 1285 302 1340 patriae
325 1284 429 1326 fines
454 1290 496 1325 et
518 1283 656 1325 dulcia
677 1283 902 1337 linquimus
928 1299 1027 1325 arva
1035 1301 1046 1334 ;

46 1361 122 1388 nos
146 1346 321 1402 patriam
345 1346 548 1402 fugimus:
574 1353 637 1396 tu,
663 1346 825 1401 Tityre,
850 1346 987 1388 lentus
1011 1347 1055 1387 in
1078 1346 1226 1389 umbra

46 1408 274 1451 formosam
296 1423 490 1450 resonare
514 1408 639 1450 doces
663 1407 925 1464 Amaryllida
950 1409 1090 1451 silvas.

4 1500 5 1503 η
48 1469 100 1513 T.
132 1469 172 1514 O
197 1469 425 1521 Meliboee,
451 1471 555 1512 deus
578 1470 699 1512 nobis
723 1470 827 1512 haec
852 1471 936 1513 otia
959 1471 1069 1512 feeit.

48 1547 226 1587 namque
252 1532 328 1574 erit
350 1532 420 1574 ille
443 1532 546 1574 mihi
570 1547 734 1587 semper
757 1533 882 1583 deus3
906 1533 1018 1575 illius
1043 1548 1158 1575 aram

0 1626 1 1639 ¹
49 1609 172 1650 saepe
196 1600 312 1636 tener
334 1594 486 1637 nostris
511 1594 564 1637 ab
589 1594 767 1637 ovilibus
791 1594 950 1636 imbuet
974 1611 1122 1651 agnus.

0 1678 3 1707 g
47 1657 116 1700 ille
139 1672 254 1699 meas
279 1671 413 1698 errare
437 1656 586 1707 boves,
612 1664 659 1699 ut
682 1657 835 1707 cernis,
861 1663 903 1699 et
925 1658 1065 1711 ipsum

0 1730 1 1733 ’
46 1720 209 1771 ludere,
234 1736 341 1775 quae
365 1721 534 1771 vellem,
561 1721 720 1763 calamo
731 1721 946 1791 permisit
955 1721 1122 1776 agresti.
1442 1737 1483 1766 10

0 1805 1 1808 =
47 1781 110 1824 M.
140 1783 236 1825 Non
259 1783 452 1837 equidem
475 1783 662 1834 invideo;
686 1783 813 1824 miror
835 1783 991 1838 magis:
1017 1783 1200 1837 undique
1224 1784 1321 1826 totis

49 1859 180 1900 usque
205 1845 308 1887 adeo
333 1845 521 1887 turbatur
544 1846 668 1901 agris.
695 1860 765 1895 en,
790 1845 881 1900 ipse
905 1845 1088 1900 capellas

47 1907 233 1963 protinus
258 1922 383 1963 aeger
406 1922 507 1963 ago3
531 1907 639 1949 hanc
663 1907 788 1949 etiam
811 1907 900 1957 viX,
927 1906 1090 1962 Tityre,
1115 1907 1235 1948 duco.

49 1967 116 2011 hic
137 1969 243 2010 inter
266 1970 416 2011 densas
441 1970 605 2025 corylos
629 1969 753 2011 modo
777 1983 958 2023 namque
981 1969 1194 2026 gemellos,

50 2045 167 2086 spem
189 2032 348 2088 gregis,
375 2031 446 2073 ah!
473 2032 588 2075 silice
610 2032 656 2074 in
678 2032 792 2074 nuda
815 2032 994 2074 connixa
1017 2032 1194 2086 reliquit.
1442 2048 1481 2077 15

51 2107 174 2149 saepe
198 2093 354 2135 malum
378 2094 457 2136 hoc
480 2094 620 2145 nobis,
647 2094 684 2136 si
706 2109 825 2136 mens
849 2109 935 2136 non
957 2094 1078 2136 laeva
1100 2094 1262 2144 fuisset,

50 2155 102 2197 de
125 2155 240 2198 caelo
263 2162 394 2198 tactas
418 2157 588 2199 memini
611 2157 850 2213 praedicere
873 2172 1065 2211 quercus.

38 2218 128 2260 sed
150 2226 307 2268 tamen,
331 2218 410 2260 iste
434 2219 537 2261 deus
561 2219 635 2273 qui
658 2220 730 2270 sit,
755 2219 827 2270 da,
853 2219 1015 2275 Tityre,
1040 2219 1174 2261 nobis.

38 2277 102 2321 T.
133 2279 311 2330 Urbem,
337 2294 462 2334 quam
486 2281 630 2323 dicunt
651 2282 850 2332 Romam,
874 2281 1103 2331 Meliboee,
1129 2282 1271 2336 putavi

0 2394 4 2398 ¹
32 2341 201 2399 -jjstultus
227 2356 304 2396 ego
329 2341 425 2383 huic
447 2349 612 2385 nostrae
637 2343 832 2393 similem,
857 2358 942 2397 quo
967 2358 1092 2399 saepe
1118 2343 1300 2385 solemus
1441 2357 1484 2386 ⁴20

34 2401 236 2462 {pastores
262 2403 402 2444 ovium
426 2409 588 2447 teneros
613 2405 818 2460 depellere
841 2405 966 2447 fetus.

30 2463 113 2507 'asic
136 2464 308 2506 canibus
334 2464 492 2507 catulos
518 2465 683 2516 similis,
709 2466 770 2508 sic
793 2466 994 2508 matribus
1018 2466 1175 2508 haedos

30 2535 212 2576 moram,
239 2527 298 2568 sic
320 2527 460 2582 parvis
485 2542 732 2583 componere
755 2543 909 2584 magna
933 2528 1130 2570 solebam.

28 2599 196 2643 *chrum
218 2588 322 2630 haec
346 2594 505 2630 tantum
529 2589 630 2631 alias
654 2589 761 2631 inter
784 2596 908 2645 caput
932 2590 1079 2631 extulit
1103 2589 1231 2639 urbis,

38 2657 252 2702 <quantum
275 2650 385 2692 lenta
410 2651 544 2693 solent
566 2652 672 2693 inter
695 2651 872 2694 viburna
896 2652 1096 2707 cupressi.
1440 2666 1482 2696 25

47 2707 116 2751 .M.
145 2710 204 2752 Et
227 2726 332 2766 quae
357 2719 471 2755 tanta
494 2713 574 2755 fuit
596 2713 776 2756 Romam
800 2713 875 2756 tibi
887 2729 1036 2756 caussa
1047 2713 1239 2755 videndi?

42 2768 109 2813 ἸΤ.
139 2772 351 2815 Libertas:
376 2789 482 2829 quae
508 2790 617 2827 sera,
643 2782 783 2818 tamen
805 2776 988 2831 respexit
1010 2776 1195 2825 inertem,

1133 2847 1185 2883 1*
