1820 3080
359 274 440 314 252
758 282 799 314 Ρ.
819 279 1050 315 VERGILII
1067 276 1291 312 MARONIS

270 398 333 428 675
356 384 399 424 in
421 383 555 424 medio
579 380 721 422 classis
747 385 923 427 aeratas,
948 377 1072 418 Actia
1095 377 1215 426 bella,

355 458 518 485 cernere
543 447 645 490 erat,
671 446 882 493 totumque
906 439 1104 479 instructo
1127 437 1264 478 Marte
1288 437 1448 480 videres

356 504 511 544 fervere
533 502 746 543 Leucaten
769 514 948 552 auroque
975 499 1170 554 effulgere
1194 498 1353 539 fluetus.

354 565 449 604 hinc
472 562 688 618 Augustus
714 575 840 616 agens
865 560 991 602 Italos
1015 560 1058 600 in
1080 559 1235 614 proelia
1260 558 1415 601 Caesar

355 639 448 665 cum
471 622 654 678 patribus
677 621 928 676 populoque,
952 621 1169 675 penatibus
1194 626 1234 661 et
1256 621 1416 676 magnis
1441 621 1516 669 dis,

269 699 332 728 080
357 691 469 726 stans
494 683 603 725 celsa
625 683 668 723 in
690 682 837 738 puppi,
863 682 1048 738 geminas
1074 682 1140 722 cui
1164 687 1348 736 tempora
1370 681 1556 722 flammas

354 745 461 786 laeta
484 749 671 793 vomunt,
694 743 951 798 patriumque
976 742 1155 797 aperitur
1177 742 1328 783 vertice
1353 742 1478 783 sidus.

354 810 468 860 parte
493 805 572 846 alia
595 804 726 845 ventis
752 809 792 844 et
815 804 878 844 dis
902 802 1093 858 Agrippa
1117 802 1307 843 secundis

355 866 506 907 arduus
531 879 679 920 agmen
703 879 849 919 agens,
877 864 960 913 eui,
986 863 1083 905 belli
1105 863 1264 918 insigne
1290 862 1522 917 superbum,

356 934 540 982 tempora
563 925 700 966 navali
723 925 883 981 fulgent
905 930 1079 966 rostrata
1103 938 1263 965 corona.

269 1002 332 1032 685
355 988 452 1028 hinc
476 1002 552 1042 ope
576 986 789 1028 barbarica
813 986 1015 1039 variisque
1038 984 1246 1026 Antonius
1271 984 1406 1034 armis,

354 1049 484 1090 victor
508 1047 559 1089 ab
583 1046 770 1088 Aurorae
793 1047 955 1101 populis
981 1052 1021 1087 et
1043 1046 1159 1087 litore
1183 1045 1319 1095 rubro,

355 1108 596 1164 Aegyptum
618 1108 806 1161 viresque
833 1106 1014 1148 Orientis
1039 1111 1080 1148 et
1101 1107 1244 1147 ultima
1268 1120 1408 1147 secum

356 1170 506 1211 Bactra
529 1169 657 1218 vehit,
684 1169 962 1222 sequiturque,
987 1167 1123 1210 nefas!
1147 1167 1356 1222 Aegyptia
1381 1166 1567 1208 coniunx.

358 1245 441 1270 una
465 1244 606 1271 omnes
629 1243 746 1270 ruere
770 1243 818 1270 ac
841 1235 972 1270 totum
997 1243 1185 1284 spumare
1208 1227 1386 1269 reductis

272 1305 334 1335 690
358 1290 595 1332 convolsum
617 1289 740 1330 remis
763 1289 984 1343 rostrisque
1008 1288 1249 1330 tridentibus
1274 1302 1436 1341 aequor.

359 1351 440 1392 alta
462 1356 623 1405 petunt3
647 1349 795 1404 pelago
819 1350 961 1390 credas
985 1350 1126 1390 innare
1149 1348 1331 1390 revolsas

361 1412 563 1466 Cycladas
588 1417 657 1452 aut
681 1416 838 1451 montes
863 1424 1102 1452 concurrere
1126 1410 1332 1451 montibus
1358 1409 1474 1458 altos,

359 1479 470 1513 tanta
493 1472 599 1513 mole
622 1472 699 1512 viri
722 1472 874 1512 turritis
897 1471 1104 1526 puppibus
1124 1472 1289 1513 instant.

360 1539 532 1588 stuppea
554 1533 719 1574 flamma
740 1547 866 1573 manu
889 1532 1060 1586 telisque
1084 1532 1247 1573 volatile
1271 1532 1424 1573 ferrum

274 1608 335 1638 1595
361 1594 564 1649 spargitur
571 1610 583 1644 3
607 1609 706 1635 arva
727 1608 835 1634 nova
857 1592 1063 1648 Neptunia
1086 1593 1210 1634 caede
1233 1593 1466 1635 rubescunt.

359 1655 501 1710 regina
523 1655 567 1695 in
590 1655 734 1696 mediis
758 1654 889 1709 patrio
913 1660 1033 1695 vocat
1056 1654 1221 1710 agmina
1245 1654 1378 1703 sistro,

360 1716 536 1756 necdum
559 1715 680 1756 etiam
704 1716 889 1770 geminos
915 1730 940 1756 a
962 1721 1076 1770 tergo
1099 1715 1264 1769 respicit
1287 1714 1445 1769 anguis.

362 1776 704 1831 omnigenumque
728 1776 850 1817 deum
872 1781 1055 1817 monstra
1078 1781 1119 1816 et
1141 1775 1308 1817 latrator
1330 1774 1494 1816 Anubis

365 1843 506 1878 contra
527 1836 764 1891 Neptunum
789 1842 829 1877 et
851 1835 1055 1877 Venerem
1079 1842 1298 1890 contraque
1321 1835 1553 1877 Minervam

279 1912 340 1941 700
364 1898 445 1939 tela
467 1903 616 1938 tenent.
643 1897 772 1938 saevit
794 1897 929 1938 medio
952 1897 995 1937 in
1018 1897 1236 1938 certamine
1259 1896 1430 1938 Mavors

363 1958 541 2000 caelatus
566 1957 691 2007 ferro,
716 1957 932 2011 tristesque
956 1972 1008 1998 ex
1030 1958 1192 1999 aethere
1216 1957 1353 2007 divae3

364 2026 404 2061 et
429 2019 558 2060 scissa
580 2019 764 2074 gaudens
790 2018 901 2059 vadit
922 2018 1143 2060 Discordia
1164 2018 1285 2072 palla,

364 2095 487 2134 quam
511 2094 605 2121 cum
629 2079 854 2134 sanguineo
879 2079 1061 2133 sequitur
1082 2079 1255 2120 Bellona
1277 2078 1451 2134 flagello.

364 2141 512 2183 Actius
536 2141 638 2182 haee
661 2155 830 2182 cernens
855 2155 995 2182 arcum
1016 2140 1252 2182 intendebat
1274 2139 1425 2194 Apollo

281 2216 341 2246 705
365 2203 556 2257 desuper:
583 2201 714 2243 omnis
739 2216 787 2243 eo
811 2207 961 2243 terrore
985 2200 1204 2256 Aegyptus
1229 2207 1269 2242 et
1291 2201 1397 2249 Indi,

366 2263 497 2305 omnis
520 2262 677 2312 Arabs,
702 2277 843 2304 omnes
867 2262 1079 2304 vertebant
1101 2268 1217 2317 terga
1242 2260 1404 2304 Sabaei.

365 2324 457 2379 ipsa
479 2323 693 2365 videbatur
715 2323 846 2365 ventis
870 2324 1012 2379 regina
1035 2323 1190 2365 vocatis

366 2385 459 2427 vela
482 2385 578 2426 dare
602 2390 642 2426 et
665 2384 781 2426 laxos
804 2384 887 2426 iam
910 2385 1072 2439 iamque
1095 2384 1298 2425 inmittere
1321 2383 1453 2424 funes.

367 2446 478 2488 illam
501 2447 606 2487 inter
629 2446 775 2487 caedes
798 2446 1018 2501 pallentem
1039 2451 1170 2487 morte
1193 2445 1331 2487 futura

284 2520 345 2550 710
369 2508 520 2549 fecerat
543 2500 774 2563 ignipotens
798 2507 918 2549 undis
944 2513 983 2548 et
1006 2507 1155 2562 iapyge
1179 2506 1294 2556 ferri3

370 2575 509 2610 contra
533 2576 668 2610 autem
691 2583 841 2624 magno
865 2575 1113 2610 maerentem
1137 2582 1303 2623 corpore
1325 2566 1476 2615 Nilum,

369 2630 695 2684 pandentemque
720 2629 833 2671 sinus
855 2635 895 2671 et
921 2635 1005 2671 tota
1028 2635 1141 2671 veste
1164 2634 1379 2671 vocantem

372 2690 601 2731 caeruleum
625 2692 667 2730 in
690 2690 891 2745 gremium
914 2690 1198 2744 latebrosaque
1221 2689 1389 2730 flumina
1412 2687 1553 2728 victos.
