1794 3048
283 588 347 619 150

287 891 348 922 155

291 1195 352 1224 160

293 1496 354 1527 165

296 1800 357 1829 170

298 2102 359 2132 175

301 2405 362 2436 180

305 2708 365 2740 185

372 285 453 327 134
770 290 813 326 Ρ.,
829 286 1059 324 VERGILII
1076 284 1300 320 MARONIS

423 393 516 435 Nox
539 397 624 432 erat
648 396 688 431 et
711 389 826 430 terris
851 387 1040 429 animalia
1063 400 1229 428 somnus
1252 385 1446 427 habebat:

369 454 527 509 effigies
553 465 690 493 sacrae
715 450 853 490 divom
875 448 1128 503 Phrygiique
1150 447 1340 496 Penates,

369 529 471 568 quos
495 527 656 553 mecum
680 510 731 552 ab
756 509 880 552 Troia
902 509 1128 562 mediisque
1152 523 1203 549 ex
1225 508 1389 563 ignibus
1414 508 1524 550 urbis

371 573 611 622 extuleram,
636 571 714 612 visi
738 576 830 612 ante
855 570 994 612 oculos
1019 570 1179 610 adstare
1202 569 1372 610 iacentis

369 635 412 676 in
436 633 607 682 somnis,
633 631 760 673 multo
784 630 990 672 manifesti
1012 629 1182 679 lumine,
1207 644 1289 683 qua
1313 644 1356 670 se

369 695 490 750 plena
512 708 586 748 per
607 693 779 734 insertas
803 691 1001 733 fundebat
1024 691 1120 731 luna
1141 690 1361 740 fenestras3

371 763 458 797 tum
483 755 541 796 sic
565 753 695 795 adfari
719 759 759 795 et
782 767 899 795 curas
924 752 986 794 his
1012 752 1173 792 demere
1197 751 1334 792 dictis:

374 815 511 869 „quod
534 814 607 856 tibi
631 814 765 856 delato
791 812 1010 869 Ortygiam
1033 812 1212 854 dicturus
1237 810 1390 866 Apollo
1415 818 1488 860 est,

371 877 438 918 hic
462 876 569 918 canit
593 881 633 917 et
655 882 725 917 tua
748 890 824 917 nos
849 889 900 916 en
921 874 1026 916 ultro
1050 874 1103 915 ad
1124 873 1265 914 limina
1285 873 1419 914 mittit.

364 947 447 980 'nos
471 943 529 987 te,
554 936 766 978 Dardania
788 937 972 986 incensa,
997 941 1147 988 tuaque
1171 949 1283 975 arma
1307 934 1447 983 secuti,

372 1013 447 1040 nos
472 998 673 1039 tumidum
698 997 773 1039 sub
798 1003 836 1039 te
859 996 1064 1052 permensi
1087 995 1287 1037 classibus
1311 1009 1474 1049 aequor,

373 1060 483 1100 idem
505 1064 697 1100 venturos
723 1058 909 1099 tollemus
933 1057 976 1098 in
1000 1062 1109 1098 astra
1131 1062 1312 1110 nepotes,

374 1119 668 1174 imperiumque
692 1118 783 1159 urbi
807 1117 1008 1159 dabimus.
1033 1123 1078 1158 tu
1100 1117 1261 1158 moenia
1282 1116 1442 1171 magnis

376 1195 525 1235 magna
546 1195 663 1234 para,
687 1179 937 1234 longumque
960 1177 1084 1233 fugae
1107 1192 1159 1219 ne
1183 1177 1321 1231 linque
1344 1176 1535 1218 laborem.

376 1241 593 1282 mutandae
618 1240 748 1281 sedes.
774 1254 856 1280 non
879 1239 981 1279 haec
1003 1238 1077 1279 tibi
1099 1238 1217 1279 litora
1241 1237 1370 1279 suasit

376 1302 542 1351 Delius,
568 1307 637 1342 aut
663 1299 810 1342 Cretae
832 1299 953 1340 iussit
976 1299 1205 1347 considere,
1229 1297 1394 1352 Apollo.

378 1369 439 1404 est
462 1362 594 1410 locus,
619 1360 866 1415 Hesperiam
890 1358 992 1401 Grai
1015 1358 1255 1413 cognomine
1279 1359 1429 1407 dicunt,

378 1429 483 1463 terra
507 1422 689 1474 antiqua,
713 1426 859 1474 potens
884 1419 1005 1461 armis
1031 1425 1152 1472 atque
1176 1418 1300 1460 ubere
1323 1414 1493 1474 glaebae
1500 1433 1512 1468 3

382 1481 555 1525 Oenotri
578 1481 738 1522 coluere
762 1481 857 1531 viri3
881 1494 990 1521 nunc
1013 1479 1124 1521 fama
1146 1479 1323 1520 minores

377 1543 541 1584 Italiam
564 1542 717 1583 dixisse
741 1542 857 1583 ducis
882 1542 932 1582 de
956 1541 1118 1582 nomine
1143 1545 1325 1595 gentem:

378 1605 456 1645 hae
479 1602 597 1645 nobis
622 1602 807 1658 propriae
832 1602 951 1644 sedes
959 1617 970 1652 3
994 1601 1089 1642 hinc
1111 1600 1332 1641 Dardanus
1357 1605 1472 1641 ortus

379 1665 595 1718 Iasiusque
618 1669 751 1719 pater,
775 1677 906 1718 genus
932 1678 956 1703 a
979 1676 1060 1716 quo
1083 1661 1263 1716 principe
1287 1666 1483 1701 nostrum.

382 1740 503 1780 surge.
527 1739 604 1780 age
628 1730 668 1765 et
690 1724 791 1765 haec
813 1723 944 1765 laetus
967 1723 1167 1778 longaevo
1191 1722 1298 1762 dicta
1320 1721 1478 1775 parenti

380 1786 491 1827 haud
514 1785 736 1826 dubitanda
757 1784 882 1826 refer:
908 1783 1136 1838 Corythum
1158 1787 1366 1834 terrasque
1389 1781 1565 1835 requirat

381 1846 602 1887 Ausonias.
627 1845 802 1886 Dictaea
824 1850 949 1900 negat
971 1844 1045 1885 tibi
1067 1843 1251 1898 Iuppiter
1274 1844 1410 1884 arva.“

382 1906 530 1948 talibus
555 1906 749 1947 attonitus
773 1906 872 1947 visis
897 1911 938 1946 et
959 1919 1059 1946 voce
1084 1905 1252 1945 deorum
1275 1928 1329 1933 —-

381 1982 458 2009 nec
482 1981 604 2022 sopor
626 1966 727 2007 illud
750 1972 852 2016 erat,
878 1966 952 2008 sed
975 1980 1111 2007 coram
1135 1965 1385 2019 adgnoscere
1408 1963 1543 2004 voltus

382 2028 617 2080 velatasque
641 2041 779 2068 comas
802 2026 1112 2081 praesentiaque
1137 2039 1207 2066 ora
1229 2024 1398 2066 videbar
1405 2040 1417 2074 ;

384 2095 469 2129 tum
492 2088 652 2143 gelidus
676 2093 761 2128 toto
784 2086 976 2128 manabat
999 2100 1165 2140 corpore
1190 2085 1314 2126 sudor
1336 2109 1391 2115 —

385 2149 556 2204 corripio
580 2163 603 2190 e
627 2147 762 2190 stratis
787 2162 954 2202 corpus,
979 2147 1182 2200 tendoque
1208 2146 1374 2200 supinas

385 2210 438 2251 ad
461 2210 619 2251 caelum
642 2224 735 2250 cum
759 2223 859 2251 voce
883 2223 1028 2249 manus
1054 2214 1093 2248 et
1116 2221 1285 2247 munera
1307 2206 1391 2247 libo

383 2271 622 2312 intemerata
643 2269 759 2311 focis.
783 2269 965 2324 perfecto
987 2268 1118 2310 laetus
1142 2267 1295 2308 honore

383 2331 596 2373 Anchisen
618 2331 724 2372 facio
749 2336 920 2380 certum,
944 2343 1112 2383 remque
1137 2329 1275 2370 ordine
1298 2328 1446 2383 pando.

386 2392 581 2448 adgnovit
603 2391 759 2446 prolem
783 2391 1017 2447 ambiguam
1040 2390 1306 2446 geminosque
1328 2394 1529 2444 parentes,

387 2468 512 2507 seque
535 2468 641 2494 novo
665 2459 849 2494 veterum
872 2453 1088 2506 deceptum
1112 2465 1243 2492 errore
1266 2450 1458 2492 locorum.

387 2521 474 2555 tum
498 2520 712 2556 memorat:
739 2520 858 2565 „nate
865 2545 877 2564 ,
901 2513 1038 2554 Iliacis
1063 2512 1238 2554 exercite
1260 2511 1369 2561 fatis,

388 2576 474 2617 sola
496 2576 596 2616 mihi
619 2576 710 2616 talis
734 2590 853 2617 casus
880 2574 1114 2616 Cassandra
1138 2572 1319 2614 canebat.

387 2652 495 2678 nuno
516 2644 655 2691 repeto
677 2637 779 2678 haee
801 2636 942 2692 generi
963 2635 1203 2690 portendere
1226 2632 1362 2674 debita
1383 2637 1534 2680 nostro,

390 2703 429 2738 et
448 2712 569 2751 saepe
591 2697 855 2751 Hesperiam,
882 2711 1002 2751 saepe
1025 2696 1130 2737 Itala
1151 2709 1278 2748 regna
1299 2707 1456 2734 vocare.
