1800 3106
535 267 793 306 AENEIDOS
818 267 918 304 LlB.
933 268 1054 305 vlm.
1392 260 1476 302 263

165 377 330 418 Interea
353 374 570 431 praemissi
596 373 755 429 equites
780 387 833 415 ex
857 372 959 415 urbe
983 373 1151 423 Latina,
1503 387 1568 418 305>

109 446 245 482 cetera
268 438 368 480 (lum
393 437 502 494 legio
528 436 686 492 campis
710 436 913 478 instructa
937 442 1132 486 moratur,
1564 451 1568 454 ’

107 502 223 544 ibant
246 507 288 543 et
311 500 455 542 Turno
478 499 568 556 regi
592 514 794 556 responsa
818 498 1020 549 ferebant,

108 575 171 606 ter
194 569 380 613 centum,
408 562 557 604 scutati
582 577 746 612 omnes,
771 560 998 604 Volscente
1022 561 1236 618 magistro.

106 628 273 682 iamque
296 625 630 683 propinquabant
654 624 820 675 castris,
845 639 1047 679 muroque
1073 624 1281 675 subibant,

108 706 204 733 cum
227 690 372 746 procul
396 689 472 731 hos
497 689 618 731 laevo
641 688 844 731 flectentis
869 688 998 730 limite
1023 699 1208 740 cernunt,
1504 703 1571 734 370

108 760 149 796 et
172 754 294 811 galea
316 753 549 809 Euryalum
574 752 774 795 sublustri
797 752 931 794 noctis
955 752 999 793 in
1025 752 1172 795 umbra

107 817 287 872 prodidit
310 817 579 858 inmemorem
603 814 814 870 radiisque
838 815 1017 857 adversa
1038 815 1214 857 refulsit.

109 879 221 921 haud
245 887 400 920 temere
423 884 487 920 est
511 878 660 919 visum.
687 877 920 919 conclamat
942 877 996 920 ab
1020 878 1188 934 agmine
1212 878 1438 922 Volscens:

110 947 260 993 „state,
286 940 376 982 viri.
401 955 509 995 quae
533 955 685 982 caussa
707 940 826 982 viae?
849 939 974 995 quive
998 941 1099 983 estis
1123 940 1168 982 in
1191 941 1343 983 armis?

106 1018 242 1058 quove
267 1002 415 1045 tenetis
439 1002 574 1044 iter?“
599 1002 702 1045 nihil
725 1002 784 1044 illi
809 1003 978 1044 tendere
1002 1010 1159 1054 contra,
1505 1019 1571 1049 372)

108 1066 183 1108 sed
206 1065 386 1108 celerare
408 1065 555 1122 sugam
578 1065 622 1106 in
646 1065 774 1107 silvas
799 1071 841 1107 et
863 1065 992 1107 fidere
1016 1066 1140 1107 nocti.

107 1129 292 1171 obiciunt
315 1128 475 1183 equites
501 1142 594 1170 sese
618 1128 673 1169 ad
695 1127 874 1171 divortia
896 1133 996 1183 nota

107 1192 204 1234 hinc
226 1198 351 1246 atque
373 1191 489 1242 hinc,
514 1206 763 1246 omnemque
788 1191 947 1234 abitum
971 1192 1145 1234 custode
1169 1200 1380 1235 coronant.

110 1254 216 1296 silva
239 1253 319 1295 fuit
339 1253 422 1295 late
446 1253 583 1296 dumis
607 1259 732 1308 atque
756 1253 850 1296 ilice
873 1254 995 1311 nigra

108 1315 292 1366 horrida,
317 1330 443 1370 quam
467 1315 587 1357 densi
610 1315 860 1371 conplebant
882 1316 1066 1371 undique
1091 1323 1250 1368 sentes3
1505 1331 1572 1362 380

108 1394 202 1420 mra
223 1393 299 1434 per
322 1377 506 1420 occultos
530 1377 698 1420 lucebat
721 1378 870 1420 semita¹
893 1378 1032 1421 calles.

109 1440 341 1496 Euryalum
366 1439 560 1482 tenebrae
583 1455 794 1482 ramorum
818 1455 1077 1495 onerosaque
1100 1442 1257 1497 praeda

108 1502 342 1558 inpediunt,
367 1502 555 1557 fallitque
579 1502 702 1545 timor
724 1503 893 1560 regione
917 1503 1091 1545 viarum.

108 1565 236 1607 Nisus
261 1564 365 1616 abit,
391 1565 557 1620 iamque
580 1565 806 1622 inprudens
832 1572 1022 1608 evaserat
1044 1566 1177 1609 hostis

109 1633 233 1682 atque
256 1627 390 1678 locos,
416 1627 488 1682 qui
511 1634 607 1683 post
630 1627 769 1670 Albae
793 1628 846 1670 de
869 1628 1036 1670 nomine
1060 1629 1160 1670 dicti
1503 1643 1571 1675 385

108 1689 284 1739 Albani,
310 1698 399 1731 tum
423 1704 498 1731 rex
522 1690 687 1732 stabula
709 1690 794 1732 alta
815 1690 996 1733 Latinus
1020 1690 1214 1741 habebat,

109 1758 156 1793 u't
180 1751 293 1793 stetit
316 1758 358 1793 et
381 1751 536 1794 frustra
559 1751 775 1795 absentem
798 1753 982 1808 respexit
1004 1753 1197 1794 amicum.

112 1812 321 1869 „Euryale
345 1813 508 1864 infelix,
533 1828 618 1868 qua
641 1820 682 1856 te
704 1814 874 1871 regione
896 1815 1070 1870 reliqui?

109 1890 245 1929 quave
260 1878 460 1931 sequar?“
480 1893 623 1920 rursus
637 1877 881 1933 perplexum
896 1877 975 1919 iter
998 1891 1120 1920 omne
1144 1877 1363 1920 revolvens

109 1936 271 1979 fallacis
317 1938 446 1979 silvae
482 1937 605 1980 simul
640 1945 682 1980 et
720 1939 899 1995 vestigia
921 1945 1031 1981 retro
1502 1953 1570 1984 390

109 1999 329 2040 observata
350 1998 469 2056 leg-it,
494 1999 716 2054 dumisque
739 2000 956 2043 silentibus
980 2007 1100 2042 errat.

108 2060 222 2102 audit
247 2075 395 2115 equos,
421 2062 536 2103 audit
560 2062 755 2118 strepitus
781 2069 822 2104 et
846 2063 968 2119 signa
992 2069 1251 2117 sequentum.

107 2137 184 2165 nec
206 2122 378 2179 longum
400 2123 445 2165 in
468 2124 605 2166 medio
629 2131 812 2180 tempus,
838 2140 935 2167 cum
958 2125 1115 2167 clamor
1138 2125 1192 2167 ad
1215 2126 1326 2167 auris

107 2184 313 2240 pervenit,
338 2199 388 2226 ac
411 2185 525 2227 videt
547 2185 801 2240 Euryalum,
827 2202 954 2240 quem
977 2187 1061 2229 iam
1085 2202 1234 2229 manus
1259 2187 1395 2229 omnis

107 2245 254 2287 fraude
276 2245 359 2287 loci
382 2252 424 2287 et
445 2247 598 2297 noctis,
625 2247 762 2290 subito
786 2248 978 2290 turbante
1003 2248 1194 2298 tumultu,
1501 2263 1567 2294 395

109 2322 356 2363 oppressum
379 2308 487 2362 rapit
510 2314 552 2349 et
576 2315 795 2350 conantem
818 2309 998 2364 plurima
1021 2310 1188 2351 frustra.

108 2369 210 2424 quid
234 2368 384 2410 faciat?
406 2383 490 2423 qua
511 2370 555 2410 vi
578 2369 790 2420 iuvenem,
814 2371 968 2424 quibus
992 2372 1143 2412 audeat
1166 2371 1291 2413 armis

109 2431 292 2487 eripere?
314 2446 368 2472 an
393 2445 484 2473 sese
509 2431 668 2473 medios
694 2432 916 2474 moriturus
941 2433 984 2473 in
1007 2433 1150 2475 hostes

108 2493 259 2535 inferat
281 2499 323 2535 et
344 2492 560 2548 pulchram
583 2501 776 2548 properet
798 2509 874 2549 per
896 2494 1066 2536 volnera
1088 2496 1289 2536 mortem?

109 2555 224 2596 ocius
250 2554 429 2597 adducto
454 2561 650 2609 torquens
675 2555 823 2597 hastile
846 2556 1013 2605 lacerto,
1498 2570 1565 2602 400

110 2616 339 2672 suspiciens
364 2617 491 2659 altam
514 2617 702 2667 Lunam,
728 2624 769 2659 et
793 2617 854 2659 sic
876 2632 978 2659 voce
1001 2624 1209 2672 precatur:

112 2688 180 2728 „tu
189 2709 201 2728 ,
226 2678 322 2730 dea,
348 2684 394 2720 tu
415 2694 613 2734 praesens
637 2685 779 2721 nostro
804 2694 997 2721 succurre
1020 2678 1164 2729 labori,

111 2747 312 2782 astrorum
338 2741 465 2784 decus
491 2748 531 2783 et
555 2757 768 2784 nemorum
792 2742 975 2783 Latonia
999 2748 1152 2783 custos.
