1800 3106
551 283 811 323 AENEIDOS
835 283 934 319 LIB.
949 283 1037 318 XII.

108 394 285 452 accipio,
310 393 607 450 adgnoscoque
632 391 732 433 deos
740 406 752 442 3
778 404 864 440 me,
888 403 956 431 me
981 387 1087 430 duce
1111 386 1267 430 fenum

109 457 318 513 corripite,
344 470 369 499 o
392 454 552 506 miseri,
578 468 684 509 quos
708 451 908 508 inprobus
934 450 1096 493 advena
1117 449 1229 492 bello

108 521 283 570 territat,
307 518 512 561 invalidas
537 523 583 559 ut
607 530 725 566 aves,
751 521 793 558 et
815 514 937 557 litora
958 519 1098 556 vestra

107 583 150 624 vi
171 581 356 639 populat.
380 586 494 637 petet
517 579 586 621 ille
610 578 776 635 fugam,
801 576 1051 634 penitusque
1075 574 1284 632 profundo

108 644 204 687 vela
226 643 354 686 dabit.
379 658 456 685 vos
481 641 668 684 unanimi
692 641 865 682 densate
889 644 1079 681 catervas

108 713 150 749 et
172 721 316 764 regem
339 704 460 748 vobis
483 719 628 761 pugna
651 702 863 745 defendite
885 703 1092 757 raptum.“

109 769 214 811 dixit
237 774 279 810 et
301 768 500 810 adversos
525 767 654 808 telum
678 764 878 807 contorsit
900 763 945 805 in
967 762 1100 805 hostis

88 845 378 888 ,procurren83
404 829 586 872 sonitum
610 828 682 870 dat
706 826 879 869 stridula
902 840 1052 868 cornus
1078 830 1118 867 et
1143 840 1265 866 auras

111 899 223 936 certa
247 898 372 935 secat.
399 891 522 934 simu]
547 891 645 941 hoe,
672 889 796 932 simul
818 889 968 946 ingens
994 888 1151 929 clamor
1174 893 1215 929 et
1239 901 1384 929 omnes

111 955 265 998 turbati
289 954 427 1005 cunei,
454 953 738 1008 calefactaque
763 952 890 994 corda
912 950 1105 992 tumultu.

110 1019 232 1061 hasta
254 1017 421 1067 volans,
446 1023 493 1058 ut
517 1016 625 1058 forte
648 1030 801 1057 novem
824 1013 1103 1070 pulcherrima
1126 1012 1302 1054 fratrum

111 1095 283 1138 corpora
307 1080 578 1123 constiterant
601 1085 763 1129 contra,
789 1091 895 1132 quos
918 1076 1004 1118 fida
1028 1081 1188 1117 crearat

112 1159 195 1186 una
217 1149 278 1186 tot
300 1142 487 1185 Arcadio
512 1141 695 1184 coniunx
720 1139 940 1196 Tyrrhena
964 1136 1163 1195 Gylippo,

111 1206 260 1247 horum
284 1220 414 1247 unum
437 1205 492 1247 ad
514 1204 717 1254 medium,
742 1202 888 1244 teritur
910 1216 994 1256 qua
1019 1200 1153 1243 sutilis
1178 1214 1278 1242 auro

113 1267 276 1310 balteus
301 1274 343 1309 et
364 1267 542 1309 laterum
565 1266 778 1308 iuncturas
802 1264 933 1307 fibula
955 1263 1131 1314 mordet,

114 1330 330 1387 egregium
354 1329 489 1371 forma
510 1329 706 1371 iuvenem
730 1333 771 1369 et
793 1325 1052 1382 fulgentibus
1077 1324 1217 1374 armis,

114 1392 361 1448 transadigit
386 1397 544 1441 costas,
570 1390 768 1444 fulvaque
792 1387 971 1430 effundit
995 1402 1132 1429 arena.

116 1461 156 1498 at
181 1455 348 1505 fratres,
374 1454 562 1496 animosa
583 1452 767 1509 phalanx
790 1464 1049 1505 accensaque
1072 1450 1200 1500 luctu,

114 1532 211 1575 pars
236 1517 399 1574 gladios
425 1516 634 1572 stringunt
658 1513 869 1565 manibus,
894 1527 992 1570 pars
1016 1511 1174 1554 missile
1197 1511 1354 1553 ferrum

117 1580 360 1635 corripiunt,
387 1579 582 1633 caecique
605 1583 744 1620 ruunt.
770 1591 875 1632 quos
900 1574 1070 1632 agmina
1093 1580 1237 1617 contra

118 1648 362 1698 procurrunt
385 1642 667 1692 Laurentum3
691 1639 789 1681 hinc
813 1638 933 1681 densi
955 1652 1100 1680 rursus
1125 1637 1328 1678 inundant

117 1704 250 1747 Troes
274 1703 547 1761 Agullinique
573 1709 614 1745 et
635 1701 758 1758 pictis
782 1699 973 1743 Arcades
998 1699 1137 1742 armis.

118 1767 179 1808 sic
202 1767 337 1809 omnis
362 1781 478 1808 amor
500 1781 609 1807 unus
633 1764 759 1807 habet
783 1764 1004 1806 decernere
1027 1761 1150 1804 ferro.

118 1828 325 1885 diripuere
349 1844 462 1880 aras3
486 1828 519 1870 it
542 1834 629 1870 toto
653 1826 820 1869 turbida
843 1825 958 1868 caelo

118 1897 346 1947 tempestas
373 1891 548 1933 telorum
573 1905 623 1932 ac
646 1890 805 1932 ferreus
828 1888 986 1945 ingruit
1008 1886 1161 1938 imbcr3

119 1961 382 2009 craterasque
405 1953 608 2008 focosque
631 1952 782 1994 ferunt.
808 1951 918 2007 fugit
941 1950 1032 2006 ipse
1055 1949 1237 1991 Latinus

119 2016 305 2072 pulsatos
330 2015 514 2058 referens
537 2015 692 2057 infecto
717 2014 885 2056 foedere
910 2012 1042 2055 divos.

118 2078 328 2120 infrenant
351 2078 421 2120 alii
445 2093 589 2120 currus
615 2083 657 2119 et
680 2091 854 2132 corpora
879 2075 988 2118 saltu

121 2141 330 2184 subiciunt
352 2141 397 2183 in
420 2156 550 2196 equos
575 2147 617 2183 et
641 2140 793 2182 strictis
818 2138 989 2181 ensibus
1015 2138 1180 2180 adsunt.

119 2203 348 2259 Messapus
371 2218 514 2259 regem
537 2203 732 2259 regisque
758 2201 925 2257 insigne
948 2206 1175 2256 gerentem,

122 2265 387 2321 Tyrrhenum
410 2265 635 2314 Aulesten‚
661 2263 809 2305 avidus
834 2262 1089 2304 confundere
1113 2261 1276 2310 foedus,

123 2328 299 2369 adverso
322 2332 524 2382 proterret
548 2340 676 2380 equ03
700 2325 783 2366 ruit
805 2324 874 2366 ille
898 2324 1098 2366 recedens

124 2396 166 2431 et
188 2389 315 2431 miser
338 2388 539 2444 oppositis
564 2403 590 2429 a
612 2393 730 2444 tergo
753 2386 978 2428 involvitur
1001 2385 1082 2427 aris

123 2451 169 2494 in
193 2457 318 2507 caput
340 2451 467 2506 inque
489 2450 699 2492 humeros.
725 2454 767 2490 at
790 2448 976 2490 fervidus
1001 2446 1169 2489 advolat
1190 2445 1312 2487 hasta

124 2513 373 2570 Messapus,
399 2512 566 2566 teloque
589 2518 776 2553 orantem
799 2509 930 2551 multa
952 2508 1101 2551 trabali

126 2577 307 2632 desuper
330 2575 438 2618 altus
464 2589 571 2629 equo
595 2573 777 2630 graviter
800 2572 895 2614 ferit
919 2578 1043 2626 atque
1066 2571 1124 2612 ita
1146 2570 1276 2612 fatur:

130 2637 234 2690 „hoc
255 2637 402 2689 habet3
427 2637 531 2679 haee
553 2636 700 2678 melior
722 2635 886 2691 magnis
911 2634 1008 2676 data
1031 2633 1200 2675 victima
1223 2631 1370 2673 divis.“

128 2706 378 2743 concurrunt
400 2700 514 2751 Itali,
542 2698 804 2756 spoliantque
828 2696 1004 2739 calentia
1027 2694 1226 2737 membra.

129 2761 277 2805 obvius
301 2762 540 2805 ambustum
565 2767 715 2803 torrem
743 2759 986 2815 Corynaeus
1011 2757 1064 2800 ab
1088 2773 1159 2799 ara

1394 271 1478 314 3⁴29

1504 397 1569 429 260

1506 712 1573 743 265
1606 700 1613 702 *

1508 1023 1574 1053 270

1510 1337 1576 1367 275

1512 1649 1578 1680 280

1514 1960 1580 1992 285

1515 2272 1581 2303 290

1517 2581 1583 2612 295
